
"URL","product_name","image_url","add to cart","price_dollar","f6 2","price_desciption","price_per_unit","review_count","rating","Additional_Details","gray 3","f7","flex src","f7 2","b","f7 3","b 2","dark-gray"
"https://www.walmart.com/sp/track?bt=1&eventST=click&plmt=sp-search-middle~desktop~&pos=1&tax=976759_9176907_1001469_2181160&rdf=1&rd=https%3A%2F%2Fwww.walmart.com%2Fip%2FTyson-Fully-Cooked-and-Breaded-Chicken-Patties-1-62-lb-Bag-Frozen%2F108931416%3FadsRedirect%3Dtrue&adUid=3ddc5be1-a868-4063-8f3e-729caf8efff4&mloc=sp-search-middle&pltfm=desktop&pgId=groocery&pt=search&spQs=92woI7QH66ZvrtZ1nxR04oKTBkNawtqmLC9MhS5LGuqvTxXtrRNFlkFBibxYkz53BWocQTaPj34-mjA_2f-udzNTkD8HsLE3wU_NpOQjX-zLuhsMUtWgbfmz3H70DWkHDlSyMfMPo2s1JWX9LFX9gA_7ED3ciwbw4W_TvyryjvKLY_CfABXRXIcPcCU4gX4XN2UTE_gxBOGCrtwCz67v7du_EyYACHduL7UN7Wscj4A&storeId=3081&couponState=na&bkt=ace1_default%7Cace2_default%7Cace3_default%7Cbb_ctrl-10700%7Ccoldstart_on%7Csearch_ColdStartv2&/ip/Tyson-Fully-Cooked-and-Breaded-Chicken-Patties-1-62-lb-Bag-Frozen/108931416","Tyson Fully Cooked and Breaded Chicken Patties, 1.62 lb Bag (Frozen)","https://i5.walmartimages.com/seo/Tyson-Fully-Cooked-and-Breaded-Chicken-Patties-1-62-lb-Bag-Frozen_879761c8-e253-4e65-8afa-be783bf19e92.3b5caebcaf74daa53c65c93d2e453b73.jpeg?odnHeight=784&odnWidth=580&odnBg=FFFFFF","Add","6","46","current price $6.46","$3.96/lb","867","3.6 out of 5 Stars. 867 reviews","https://i5.walmartimages.com/dfw/63fd9f59-2845/2044d79e-92d5-4c08-90a2-0480444a877f/v1/EBT-Logo.svg","EBT eligible","Save with","https://i5.walmartimages.com/dfw/63fd9f59-ac39/29c6759d-7f14-49fa-bd3a-b870eb4fb8fb/v1/wplus-icon-blue.svg","Pickup","today","Delivery","today","Subscribe"
"https://www.walmart.com/sp/track?bt=1&eventST=click&plmt=sp-search-middle~desktop~&pos=2&tax=976759_9176907_1001469_2181160&rdf=1&rd=https%3A%2F%2Fwww.walmart.com%2Fip%2FKing-s-Hawaiian-Original-Hawaiian-Sweet-Dinner-Rolls-12-Count-12-Oz%2F10421729%3FadsRedirect%3Dtrue&adUid=3ddc5be1-a868-4063-8f3e-729caf8efff4&mloc=sp-search-middle&pltfm=desktop&pgId=groocery&pt=search&spQs=6T8pIJKmQcijZ2rait1u_612QZ1hFILbRHcCDMa36UMgyqB9h19WBL1F8m1Doia_TknA2dHfSHQxSF-TvV0baj8LBJdPpiuweM0x9gbq8sbEE9l0aaP6AOiIqA6JL8eI6RLxhLr-l6Ndm8riQmXARIT6VmaLHdn92rvP1fyj9LJbTJC01EpGw-nmu3i7Ep6wkWp_6oFq82PTlPU2rak16G7PsNtvbRQ5MfQ0hp5k7Gs&storeId=3081&couponState=na&bkt=ace1_default%7Cace2_default%7Cace3_default%7Cbb_ctrl-10700%7Ccoldstart_on%7Csearch_ColdStartv2&/ip/King-s-Hawaiian-Original-Hawaiian-Sweet-Dinner-Rolls-12-Count-12-Oz/10421729","King's Hawaiian Original Hawaiian Sweet Dinner Rolls, 12 Count, 12 Oz","https://i5.walmartimages.com/seo/King-s-Hawaiian-Original-Hawaiian-Sweet-Dinner-Rolls-12-Count-12-Oz_3dd0c370-49e0-4018-938c-afcc59559dd7.1e5340c56264e3a6aac257c3a8a816a5.jpeg?odnHeight=784&odnWidth=580&odnBg=FFFFFF","","4","68","current price $4.68","39.0 ¢/oz","474","4.6 out of 5 Stars. 474 reviews","https://i5.walmartimages.com/dfw/63fd9f59-2845/2044d79e-92d5-4c08-90a2-0480444a877f/v1/EBT-Logo.svg","EBT eligible","Save with","https://i5.walmartimages.com/dfw/63fd9f59-ac39/29c6759d-7f14-49fa-bd3a-b870eb4fb8fb/v1/wplus-icon-blue.svg","Pickup","today","Delivery","today","Subscribe"
"https://www.walmart.com/sp/track?bt=1&eventST=click&plmt=sp-search-middle~desktop~&pos=3&tax=976759_9176907_1001469_2181160&rdf=1&rd=https%3A%2F%2Fwww.walmart.com%2Fip%2FUncrustables-Peanut-Butter-Grape-Jelly-Sandwich-10-Count-Pack%2F10849748%3Fathbdg%3DL1600%26adsRedirect%3Dtrue&adUid=3ddc5be1-a868-4063-8f3e-729caf8efff4&mloc=sp-search-middle&pltfm=desktop&pgId=groocery&pt=search&spQs=Pvenh0jBAt6dJREhQJv1t1r56tH8Vrx_ACrVkCO9R3ZzIjZpfzp3BLwRjFEZRxt3jY6oyfu3inmFfM3U_S4AnY0sqmnjMNiFBFeAKVAAXJIN7t_R9bKIo19w7KOdOoqjW-gn2UjlIgI1zJ5cfYdz4ZexyLDzXtLD2mLUaUDJ69VX4ahpAux9Qh3U9oEnkwxUrFStnDFmE4yvL64KqG5JvtjoH7Fkas0-NjJ6XSfDXVk&storeId=3081&couponState=na&bkt=ace1_default%7Cace2_default%7Cace3_default%7Cbb_ctrl-10700%7Ccoldstart_on%7Csearch_ColdStartv2&athbdg=L1600","Smucker's Uncrustables Peanut Butter & Grape Jelly Sandwiches, 2 oz, 10 count (Frozen)","https://i5.walmartimages.com/seo/Uncrustables-Peanut-Butter-Grape-Jelly-Sandwich-10-Count-Pack_cf6aaa1e-655f-4985-bab0-fa3ffc7211b6.471594c9d05e30496ca8288f493147d8.jpeg?odnHeight=784&odnWidth=580&odnBg=FFFFFF","Add","9","96","current price $9.96","49.8 ¢/oz","5809","4.6 out of 5 Stars. 5809 reviews","https://i5.walmartimages.com/dfw/63fd9f59-2845/2044d79e-92d5-4c08-90a2-0480444a877f/v1/EBT-Logo.svg","EBT eligible","Save with","https://i5.walmartimages.com/dfw/63fd9f59-ac39/29c6759d-7f14-49fa-bd3a-b870eb4fb8fb/v1/wplus-icon-blue.svg","Pickup","today","Delivery","today","Subscribe"
"https://www.walmart.com/sp/track?bt=1&eventST=click&plmt=sp-search-middle~desktop~&pos=4&tax=976759_9176907_1001469_2181160&rdf=1&rd=https%3A%2F%2Fwww.walmart.com%2Fip%2FHamburger-Helper-Pasta-Cheeseburger-Macaroni-6-6-Ounces-Box%2F5078997439%3FadsRedirect%3Dtrue&adUid=3ddc5be1-a868-4063-8f3e-729caf8efff4&mloc=sp-search-middle&pltfm=desktop&pgId=groocery&pt=search&spQs=9vbg1JcDbhSaGNBmPZdbnB36D6tSMgfcBDlIbTQqvU13HKAlYC8LPJGACkvWyIPtzUZvWum8Lfol9H1QFGBK95AJpuhnmy-bc315ns6lwzWNAR9pvlThuOLRlHMHnkB9eyTrldUKbOxCK8A0Kz7lt1FjnzDrK635NGqvxZlBIAnUbNQcqqoGglTuMh92vLyXZOVKVN7iZqSiPWzY2i5thOqeUkuzemiGjAkJEVPvpWU&storeId=3081&couponState=na&bkt=ace1_default%7Cace2_default%7Cace3_default%7Cbb_ctrl-10700%7Ccoldstart_on%7Csearch_ColdStartv2&/ip/Hamburger-Helper-Pasta-Cheeseburger-Macaroni-6-6-Ounces-Box/5078997439","Hamburger Helper Pasta Cheeseburger Macaroni, 6.6 Ounces Box","https://i5.walmartimages.com/seo/Hamburger-Helper-Pasta-Cheeseburger-Macaroni-6-6-Ounces-Box_41c63d77-297e-47a3-b8be-f46cab8d4707.0ced71af456a84d3ac60f855f2cf791e.jpeg?odnHeight=784&odnWidth=580&odnBg=FFFFFF","Add","1","63","current price Now $1.63","24.7 ¢/oz","1112","4.3 out of 5 Stars. 1112 reviews","https://i5.walmartimages.com/dfw/63fd9f59-2845/2044d79e-92d5-4c08-90a2-0480444a877f/v1/EBT-Logo.svg","EBT eligible","Save with","https://i5.walmartimages.com/dfw/63fd9f59-ac39/29c6759d-7f14-49fa-bd3a-b870eb4fb8fb/v1/wplus-icon-blue.svg","Pickup","today","Delivery","today","Subscribe"
"https://www.walmart.com/ip/Great-Value-Purified-Drinking-Water-16-9-fl-oz-Bottles-40-Count/992524020?athbdg=L1600&from=/search","Great Value Purified Drinking Water, 16.9 fl oz Bottles, 40 Count","https://i5.walmartimages.com/asr/061099c8-2637-49ad-9706-506d42bbe542.33c33902d22157d2c215a61e15fd4a4b.jpeg?odnHeight=784&odnWidth=580&odnBg=FFFFFF","Add","5","63","current price $5.63","0.8 ¢/fl oz","9772","3.4 out of 5 Stars. 9772 reviews","https://i5.walmartimages.com/dfw/63fd9f59-2845/2044d79e-92d5-4c08-90a2-0480444a877f/v1/EBT-Logo.svg","EBT eligible","Save with","https://i5.walmartimages.com/dfw/63fd9f59-ac39/29c6759d-7f14-49fa-bd3a-b870eb4fb8fb/v1/wplus-icon-blue.svg","Pickup","today","Delivery","today","Subscribe"
"https://www.walmart.com/ip/Great-Value-Milk-Whole-Vitamin-D-Gallon-Plastic-Jug/10450114?athbdg=L1600&from=/search","Great Value Whole Vitamin D Milk, Gallon, Plastic, Jug, 128 Fl Oz","https://i5.walmartimages.com/asr/6a7b09b4-f51d-4bea-a01c-85767f1b481a.86876244397d83ce6cdedb030abe6e4a.jpeg?odnHeight=784&odnWidth=580&odnBg=FFFFFF","Add","3","78","current price $3.78","3.0 ¢/fl oz","","","https://i5.walmartimages.com/dfw/63fd9f59-2845/2044d79e-92d5-4c08-90a2-0480444a877f/v1/EBT-Logo.svg","EBT eligible","Save with","https://i5.walmartimages.com/dfw/63fd9f59-ac39/29c6759d-7f14-49fa-bd3a-b870eb4fb8fb/v1/wplus-icon-blue.svg","Pickup","today","Delivery","today","Subscribe"
"https://www.walmart.com/ip/Great-Value-White-Round-Top-Bread-Loaf-20-oz/10315355?athbdg=L1600&from=/search","Great Value White Round Top Bread Loaf, 20 oz","https://i5.walmartimages.com/asr/8e69fca6-dda1-47b1-959c-7ec4d84b0a58.8cae75bc1ffe9c3d1ece768c0e5447a2.jpeg?odnHeight=784&odnWidth=580&odnBg=FFFFFF","Add","1","48","current price $1.48","7.4 ¢/oz","","","https://i5.walmartimages.com/dfw/63fd9f59-2845/2044d79e-92d5-4c08-90a2-0480444a877f/v1/EBT-Logo.svg","EBT eligible","Save with","https://i5.walmartimages.com/dfw/63fd9f59-ac39/29c6759d-7f14-49fa-bd3a-b870eb4fb8fb/v1/wplus-icon-blue.svg","Pickup","today","Delivery","today","Subscribe"
"https://www.walmart.com/ip/Fresh-Banana-Fruit-Each/44390948?athbdg=L1600&from=/search","Fresh Banana Fruit, Each","https://i5.walmartimages.com/asr/5939a6fa-a0d6-431c-88c6-b4f21608e4be.f7cd0cc487761d74c69b7731493c1581.jpeg?odnHeight=784&odnWidth=580&odnBg=FFFFFF","Add","0","24","current price Now $0.24","50.0 ¢/lb","","","https://i5.walmartimages.com/dfw/63fd9f59-2845/2044d79e-92d5-4c08-90a2-0480444a877f/v1/EBT-Logo.svg","EBT eligible","Save with","https://i5.walmartimages.com/dfw/63fd9f59-ac39/29c6759d-7f14-49fa-bd3a-b870eb4fb8fb/v1/wplus-icon-blue.svg","Pickup","today","Delivery","today","Subscribe"
"https://www.walmart.com/ip/Great-Value-Frozen-Broccoli-Florets-12-oz-Steamable-Bag/735585383?athbdg=L1600&from=/search","Great Value Frozen Broccoli Florets, 12 oz Steamable Bag","https://i5.walmartimages.com/asr/c6e47501-d339-4baa-ac33-94518223ff3b.e6736cdc6c8437702d6a2f6db2d243c0.jpeg?odnHeight=784&odnWidth=580&odnBg=FFFFFF","Add","1","16","current price $1.16","9.7 ¢/oz","","","https://i5.walmartimages.com/dfw/63fd9f59-2845/2044d79e-92d5-4c08-90a2-0480444a877f/v1/EBT-Logo.svg","EBT eligible","Save with","https://i5.walmartimages.com/dfw/63fd9f59-ac39/29c6759d-7f14-49fa-bd3a-b870eb4fb8fb/v1/wplus-icon-blue.svg","Pickup","today","Delivery","today","Subscribe"
"https://www.walmart.com/ip/Fresh-Whole-Russet-Potatoes-5lb-bag/10447837?athbdg=L1600&from=/search","Fresh Whole Russet Potatoes , 5lb bag","https://i5.walmartimages.com/asr/39e383c7-abe5-42fa-9078-5d6d0bb5c0d4.8fc19a526bf85bd640d369c4c85a2bf2.jpeg?odnHeight=784&odnWidth=580&odnBg=FFFFFF","Add","3","24","current price $3.24","64.8 ¢/lb","","","https://i5.walmartimages.com/dfw/63fd9f59-2845/2044d79e-92d5-4c08-90a2-0480444a877f/v1/EBT-Logo.svg","EBT eligible","Save with","https://i5.walmartimages.com/dfw/63fd9f59-ac39/29c6759d-7f14-49fa-bd3a-b870eb4fb8fb/v1/wplus-icon-blue.svg","Pickup","today","Delivery","today","Subscribe"
"https://www.walmart.com/sp/track?bt=1&eventST=click&plmt=sp-search-middle~desktop~&pos=12&tax=976759_9176907_1001469_2181160&rdf=1&rd=https%3A%2F%2Fwww.walmart.com%2Fip%2FHamburger-Helper-Pasta-Four-Cheese-Lasagna-5-5-Ounces-Box%2F5141268137%3FadsRedirect%3Dtrue&adUid=3ddc5be1-a868-4063-8f3e-729caf8efff4&mloc=sp-search-middle&pltfm=desktop&pgId=groocery&pt=search&spQs=o-vO3J6a-btl-VZzvq49_ExmCjP9PBmOqUTGOOTAVf93HKAlYC8LPJGACkvWyIPtFgMYsUakF0ThgT8Td--kc987K5VUeRqMCqaHssFtwqNH4ZxDsQfjP22QGbsakokDHkI1iw70mvmfZml7BYztf2eWmOSAgQGK4XSj-2ADQbSLY_CfABXRXIcPcCU4gX4XN2UTE_gxBOGCrtwCz67v7du_EyYACHduL7UN7Wscj4A&storeId=3081&couponState=na&bkt=ace1_default%7Cace2_default%7Cace3_default%7Cbb_ctrl-10700%7Ccoldstart_on%7Csearch_ColdStartv2&/ip/Hamburger-Helper-Pasta-Four-Cheese-Lasagna-5-5-Ounces-Box/5141268137","Hamburger Helper Pasta Four Cheese Lasagna, 5.5 Ounces Box","https://i5.walmartimages.com/seo/Hamburger-Helper-Pasta-Four-Cheese-Lasagna-5-5-Ounces-Box_3dfa7b85-2830-4915-9597-5d1307f4fb28.a6aa6ead0ee23960f3334f6baba27de1.jpeg?odnHeight=784&odnWidth=580&odnBg=FFFFFF","Add","1","63","current price Now $1.63","29.6 ¢/oz","29","2 out of 5 Stars. 29 reviews","https://i5.walmartimages.com/dfw/63fd9f59-2845/2044d79e-92d5-4c08-90a2-0480444a877f/v1/EBT-Logo.svg","EBT eligible","Save with","https://i5.walmartimages.com/dfw/63fd9f59-ac39/29c6759d-7f14-49fa-bd3a-b870eb4fb8fb/v1/wplus-icon-blue.svg","Pickup","today","Delivery","today","Subscribe"
"https://www.walmart.com/ip/All-Natural-80-Lean-20-Fat-Ground-Beef-Chuck-2-25-lb-Tray/959024059?from=/search","All Natural* 80% Lean/20% Fat Ground Beef Chuck, 2.25 lb Tray","https://i5.walmartimages.com/asr/a19f91f0-524f-4a41-ba7f-c60e80bfbab8.b4d32bdf2dfece7801b34c09d9b79c0e.jpeg?odnHeight=784&odnWidth=580&odnBg=FFFFFF","Add","14","93","current price $14.93","$6.64/lb","","","https://i5.walmartimages.com/dfw/63fd9f59-2845/2044d79e-92d5-4c08-90a2-0480444a877f/v1/EBT-Logo.svg","EBT eligible","Save with","https://i5.walmartimages.com/dfw/63fd9f59-ac39/29c6759d-7f14-49fa-bd3a-b870eb4fb8fb/v1/wplus-icon-blue.svg","Pickup","today","Delivery","today","Subscribe"
"https://www.walmart.com/ip/Great-Value-All-Natural-Boneless-Skinless-Chicken-Breasts-3-lb-Frozen/10414680?from=/search","Great Value All Natural Boneless Skinless Chicken Breasts, 3 lb (Frozen)","https://i5.walmartimages.com/asr/a11e21e5-8484-47c4-a47d-debde94cd74b.df9e9fe297fde9053a722c0c62df7e6b.jpeg?odnHeight=784&odnWidth=580&odnBg=FFFFFF","Add","8","76","current price Now $8.76","$2.92/lb","","","https://i5.walmartimages.com/dfw/63fd9f59-2845/2044d79e-92d5-4c08-90a2-0480444a877f/v1/EBT-Logo.svg","EBT eligible","Save with","https://i5.walmartimages.com/dfw/63fd9f59-ac39/29c6759d-7f14-49fa-bd3a-b870eb4fb8fb/v1/wplus-icon-blue.svg","Pickup","today","Delivery","today","Subscribe"
"https://www.walmart.com/ip/Great-Value-All-Natural-Chicken-Wing-Sections-4-lb-Frozen/36618723?from=/search","Great Value All Natural Chicken Wing Sections, 4 lb (Frozen)","https://i5.walmartimages.com/asr/566c4713-d023-4ccf-a6dc-5504b62b31c3.7a0b253eea5de44861a5a80fbb328e3f.jpeg?odnHeight=784&odnWidth=580&odnBg=FFFFFF","Add","12","98","current price $12.98","$3.25/lb","","","https://i5.walmartimages.com/dfw/63fd9f59-2845/2044d79e-92d5-4c08-90a2-0480444a877f/v1/EBT-Logo.svg","EBT eligible","Save with","https://i5.walmartimages.com/dfw/63fd9f59-ac39/29c6759d-7f14-49fa-bd3a-b870eb4fb8fb/v1/wplus-icon-blue.svg","Pickup","today","Delivery","today","Subscribe"
"https://www.walmart.com/ip/Great-Value-Frozen-20-oz-Pepper-Onion-Blend-20-oz/539250805?from=/search","Great Value Frozen 20 oz Pepper & Onion Blend 20 oz","https://i5.walmartimages.com/asr/089da03e-198d-404d-a060-6e1c7fa09aac.0e7848e7c84acf9ab7837effa876ec9b.jpeg?odnHeight=784&odnWidth=580&odnBg=FFFFFF","Add","2","72","current price $2.72","13.6 ¢/oz","","","https://i5.walmartimages.com/dfw/63fd9f59-2845/2044d79e-92d5-4c08-90a2-0480444a877f/v1/EBT-Logo.svg","EBT eligible","Save with","https://i5.walmartimages.com/dfw/63fd9f59-ac39/29c6759d-7f14-49fa-bd3a-b870eb4fb8fb/v1/wplus-icon-blue.svg","Pickup","today","Delivery","today","Subscribe"
"https://www.walmart.com/ip/Fresh-Roma-Tomato-Each/44390944?from=/search","Fresh Roma Tomato, Each","https://i5.walmartimages.com/asr/8769d65a-5697-4d90-ae1f-8ba90a60b867.ab382f49617c7943d68ed2f96431d6c6.jpeg?odnHeight=784&odnWidth=580&odnBg=FFFFFF","Add","0","27","current price $0.27","$1.28/lb","","","https://i5.walmartimages.com/dfw/63fd9f59-2845/2044d79e-92d5-4c08-90a2-0480444a877f/v1/EBT-Logo.svg","EBT eligible","Save with","https://i5.walmartimages.com/dfw/63fd9f59-ac39/29c6759d-7f14-49fa-bd3a-b870eb4fb8fb/v1/wplus-icon-blue.svg","Pickup","today","Delivery","today","Subscribe"
"https://www.walmart.com/ip/Green-Giant-Extra-Sweet-Corn-on-The-Cob-12-oz-12-Ct-Frozen/10813651?from=/search","Green Giant Extra Sweet Corn on The Cob, 12 oz, 12 Ct (Frozen)","https://i5.walmartimages.com/asr/23d6b9c7-d685-4505-b5b1-eed7c4dc15eb.5701c17c4064cc14452b5034ed8674e7.jpeg?odnHeight=784&odnWidth=580&odnBg=FFFFFF","Add","4","93","current price $4.93","41.1 ¢/count","","","https://i5.walmartimages.com/dfw/63fd9f59-2845/2044d79e-92d5-4c08-90a2-0480444a877f/v1/EBT-Logo.svg","EBT eligible","Save with","https://i5.walmartimages.com/dfw/63fd9f59-ac39/29c6759d-7f14-49fa-bd3a-b870eb4fb8fb/v1/wplus-icon-blue.svg","Pickup","today","Delivery","today","Subscribe"
"https://www.walmart.com/ip/Fresh-Green-Bell-Pepper-Each/44390945?from=/search","Fresh Green Bell Pepper, Each","https://i5.walmartimages.com/asr/15c8fcf1-7b73-429e-8a7c-802091d818f1.4730164455d5cc0a04d2b1f675971dd1.jpeg?odnHeight=784&odnWidth=580&odnBg=FFFFFF","Add","0","86","current price $0.86","","","","https://i5.walmartimages.com/dfw/63fd9f59-2845/2044d79e-92d5-4c08-90a2-0480444a877f/v1/EBT-Logo.svg","EBT eligible","Save with","https://i5.walmartimages.com/dfw/63fd9f59-ac39/29c6759d-7f14-49fa-bd3a-b870eb4fb8fb/v1/wplus-icon-blue.svg","Pickup","today","Delivery","today","Subscribe"
"https://www.walmart.com/ip/Fresh-Iceberg-Lettuce-Each/10402650?from=/search","Fresh Iceberg Lettuce, Each","https://i5.walmartimages.com/asr/37a29f00-4ba9-4874-a02c-6fad5f2fcc24.2eaef037bd486278914e7d25f9890d59.jpeg?odnHeight=784&odnWidth=580&odnBg=FFFFFF","Add","1","88","current price $1.88","","","","https://i5.walmartimages.com/dfw/63fd9f59-2845/2044d79e-92d5-4c08-90a2-0480444a877f/v1/EBT-Logo.svg","EBT eligible","Save with","https://i5.walmartimages.com/dfw/63fd9f59-ac39/29c6759d-7f14-49fa-bd3a-b870eb4fb8fb/v1/wplus-icon-blue.svg","Pickup","today","Delivery","today","Subscribe"
"https://www.walmart.com/ip/King-s-Hawaiian-Original-Hawaiian-Sweet-Dinner-Rolls-12-Count-12-Oz/10421729?from=/search","King's Hawaiian Original Hawaiian Sweet Dinner Rolls, 12 Count, 12 Oz","https://i5.walmartimages.com/asr/3dd0c370-49e0-4018-938c-afcc59559dd7.1e5340c56264e3a6aac257c3a8a816a5.jpeg?odnHeight=784&odnWidth=580&odnBg=FFFFFF","Add","4","68","current price $4.68","39.0 ¢/oz","","","https://i5.walmartimages.com/dfw/63fd9f59-2845/2044d79e-92d5-4c08-90a2-0480444a877f/v1/EBT-Logo.svg","EBT eligible","Save with","https://i5.walmartimages.com/dfw/63fd9f59-ac39/29c6759d-7f14-49fa-bd3a-b870eb4fb8fb/v1/wplus-icon-blue.svg","Pickup","today","Delivery","today","Subscribe"
"https://www.walmart.com/ip/Fresh-Cucumber-Each/44390954?from=/search","Fresh Cucumber, Each","https://i5.walmartimages.com/asr/5985ccc8-109e-411d-aca7-556ab217e1da.e3770028b0d00b3fa4e6a40c4e630ef9.jpeg?odnHeight=784&odnWidth=580&odnBg=FFFFFF","Add","0","72","current price $0.72","","","","https://i5.walmartimages.com/dfw/63fd9f59-2845/2044d79e-92d5-4c08-90a2-0480444a877f/v1/EBT-Logo.svg","EBT eligible","Save with","https://i5.walmartimages.com/dfw/63fd9f59-ac39/29c6759d-7f14-49fa-bd3a-b870eb4fb8fb/v1/wplus-icon-blue.svg","Pickup","today","Delivery","today","Subscribe"
"https://www.walmart.com/ip/All-Natural-73-Lean-27-Fat-Ground-Beef-1-lb-Roll/15136790?from=/search","All Natural* 73% Lean/27% Fat Ground Beef, 1 lb Roll","https://i5.walmartimages.com/asr/c47fd78e-029b-42a5-8005-3566f23755cc.d00e9a20eabb7e18b19ddd86af3ec83b.jpeg?odnHeight=784&odnWidth=580&odnBg=FFFFFF","Add","5","94","current price $5.94","$5.94/lb","","","https://i5.walmartimages.com/dfw/63fd9f59-2845/2044d79e-92d5-4c08-90a2-0480444a877f/v1/EBT-Logo.svg","EBT eligible","Save with","https://i5.walmartimages.com/dfw/63fd9f59-ac39/29c6759d-7f14-49fa-bd3a-b870eb4fb8fb/v1/wplus-icon-blue.svg","Pickup","today","Delivery","today","Subscribe"
"https://www.walmart.com/ip/Capri-Sun-Variety-Pack-with-Fruit-Punch-Strawberry-Kiwi-Pacific-Cooler-Juice-Box-Pouches-30-ct-Box-6-fl-oz-Pouches/110946086?from=/search","Capri Sun Variety Pack with Fruit Punch, Strawberry Kiwi & Pacific Cooler Juice Box Pouches, 30 ct Box, 6 fl oz Pouches","https://i5.walmartimages.com/asr/cd4fb79f-c692-43bd-9982-5491591c75a3.315d49ce2443fc0a28a94b39419e9d61.jpeg?odnHeight=784&odnWidth=580&odnBg=FFFFFF","Add","9","43","current price $9.43","5.2 ¢/fl oz","512","3.6 out of 5 Stars. 512 reviews","https://i5.walmartimages.com/dfw/63fd9f59-2845/2044d79e-92d5-4c08-90a2-0480444a877f/v1/EBT-Logo.svg","EBT eligible","Save with","https://i5.walmartimages.com/dfw/63fd9f59-ac39/29c6759d-7f14-49fa-bd3a-b870eb4fb8fb/v1/wplus-icon-blue.svg","Pickup","today","Delivery","today","Subscribe"
"https://www.walmart.com/ip/Great-Value-Hot-Dog-Buns-White-11-oz-8-Count/10450133?from=/search","Great Value Hot Dog Buns, White, 11 oz, 8 Count","https://i5.walmartimages.com/asr/668fbae9-e0a0-4cba-a28d-3f34b91c0f62.a5267b2052ddb5234e6beabe5cf8310b.jpeg?odnHeight=784&odnWidth=580&odnBg=FFFFFF","Add","1","53","current price $1.53","13.9 ¢/oz","","","https://i5.walmartimages.com/dfw/63fd9f59-2845/2044d79e-92d5-4c08-90a2-0480444a877f/v1/EBT-Logo.svg","EBT eligible","Save with","https://i5.walmartimages.com/dfw/63fd9f59-ac39/29c6759d-7f14-49fa-bd3a-b870eb4fb8fb/v1/wplus-icon-blue.svg","Pickup","today","Delivery","today","Subscribe"
"https://www.walmart.com/ip/Nabisco-Classic-Mix-Variety-Pack-OREO-CHIPS-AHOY-Nutter-Butter-Bites-RITZ-Bits-20-Snack-Packs/43200062?from=/search","Nabisco Classic Mix Variety Pack, OREO Mini, CHIPS AHOY! Mini, Nutter Butter Bites, RITZ Bits Cheese, School Snacks, 20 - 1 oz Snack Packs","https://i5.walmartimages.com/asr/a429a98e-8000-425d-9cbe-50e908ec3754.2e89671df621c756dac0cc3aa207c5e1.jpeg?odnHeight=784&odnWidth=580&odnBg=FFFFFF","Add","9","86","current price $9.86","49.3 ¢/oz","444","4.1 out of 5 Stars. 444 reviews","https://i5.walmartimages.com/dfw/63fd9f59-2845/2044d79e-92d5-4c08-90a2-0480444a877f/v1/EBT-Logo.svg","EBT eligible","Save with","https://i5.walmartimages.com/dfw/63fd9f59-ac39/29c6759d-7f14-49fa-bd3a-b870eb4fb8fb/v1/wplus-icon-blue.svg","Pickup","today","Delivery","today","Subscribe"
"https://www.walmart.com/ip/RITZ-Fresh-Stacks-Original-Crackers-11-8-oz-8-Stacks/35176551?from=/search","RITZ Fresh Stacks Original Crackers, 11.8 oz (8 Stacks)","https://i5.walmartimages.com/asr/a2383293-e964-49ff-8e32-423fb21586bc.fec19475a084ab0407074fe3e3bb77fa.jpeg?odnHeight=784&odnWidth=580&odnBg=FFFFFF","Add","3","88","current price $3.88","32.9 ¢/oz","1082","4.3 out of 5 Stars. 1082 reviews","https://i5.walmartimages.com/dfw/63fd9f59-2845/2044d79e-92d5-4c08-90a2-0480444a877f/v1/EBT-Logo.svg","EBT eligible","Save with","https://i5.walmartimages.com/dfw/63fd9f59-ac39/29c6759d-7f14-49fa-bd3a-b870eb4fb8fb/v1/wplus-icon-blue.svg","Pickup","today","Delivery","today","Subscribe"
"https://www.walmart.com/ip/Maruchan-Ramen-Noodle-Beef-Flavor-Soup-3-oz-Shelf-Stable-Package-12-Count/15570903?from=/search","Maruchan Ramen Noodle Beef Flavor Soup, 3 oz Shelf Stable Package, 12 Count","https://i5.walmartimages.com/asr/b5b51761-4aca-499f-b0db-d0032256b0cd.37a38f551f9bc7651979e8a7a0bf44cf.jpeg?odnHeight=784&odnWidth=580&odnBg=FFFFFF","Add","3","68","current price $3.68","10.2 ¢/oz","769","4.4 out of 5 Stars. 769 reviews","https://i5.walmartimages.com/dfw/63fd9f59-2845/2044d79e-92d5-4c08-90a2-0480444a877f/v1/EBT-Logo.svg","EBT eligible","Save with","https://i5.walmartimages.com/dfw/63fd9f59-ac39/29c6759d-7f14-49fa-bd3a-b870eb4fb8fb/v1/wplus-icon-blue.svg","Pickup","today","Delivery","today","Subscribe"
"https://www.walmart.com/ip/Great-Value-Honey-Graham-Crackers-14-4-oz/10315952?from=/search","Great Value Honey Graham Crackers, 14.4 oz","https://i5.walmartimages.com/asr/3b141949-e8f4-451f-a142-265a01494c36.6c2c63e18c65f7d7e21eaa58c050a25a.jpeg?odnHeight=784&odnWidth=580&odnBg=FFFFFF","Add","2","44","current price $2.44","16.9 ¢/oz","","","https://i5.walmartimages.com/dfw/63fd9f59-2845/2044d79e-92d5-4c08-90a2-0480444a877f/v1/EBT-Logo.svg","EBT eligible","Save with","https://i5.walmartimages.com/dfw/63fd9f59-ac39/29c6759d-7f14-49fa-bd3a-b870eb4fb8fb/v1/wplus-icon-blue.svg","Pickup","today","Delivery","today","Subscribe"
"https://www.walmart.com/ip/El-Monterey-Beef-Bean-Burritos-32-oz-8-Count-Frozen/13812845?from=/search","El Monterey Beef & Bean Burritos, 32 oz, 8 Count (Frozen)","https://i5.walmartimages.com/asr/23cacedb-25f7-4706-9000-39ed193a61f1.1e14423447c059874f3263dfc9d5ec11.jpeg?odnHeight=784&odnWidth=580&odnBg=FFFFFF","Add","4","98","current price $4.98","15.6 ¢/oz","","","https://i5.walmartimages.com/dfw/63fd9f59-2845/2044d79e-92d5-4c08-90a2-0480444a877f/v1/EBT-Logo.svg","EBT eligible","Save with","https://i5.walmartimages.com/dfw/63fd9f59-ac39/29c6759d-7f14-49fa-bd3a-b870eb4fb8fb/v1/wplus-icon-blue.svg","Pickup","today","Delivery","today","Subscribe"
"https://www.walmart.com/ip/Kraft-Original-Mac-N-Cheese-Macaroni-and-Cheese-Dinner-5-ct-Pack-7-25-oz-Boxes/14869676?from=/search","Kraft Original Mac N Cheese Macaroni and Cheese Dinner, 5 ct Pack, 7.25 oz Boxes","https://i5.walmartimages.com/asr/ec5c2ad9-7475-4515-965d-d64acb7960fa.9ba870560e809a92a25b409d9d323e36.jpeg?odnHeight=784&odnWidth=580&odnBg=FFFFFF","Add","4","88","current price $4.88","13.5 ¢/oz","","","https://i5.walmartimages.com/dfw/63fd9f59-2845/2044d79e-92d5-4c08-90a2-0480444a877f/v1/EBT-Logo.svg","EBT eligible","Save with","https://i5.walmartimages.com/dfw/63fd9f59-ac39/29c6759d-7f14-49fa-bd3a-b870eb4fb8fb/v1/wplus-icon-blue.svg","Pickup","today","Delivery","today","Subscribe"
"https://www.walmart.com/ip/Great-Value-Hamburger-Buns-8-Count-11-oz/10450104?from=/search","Great Value Hamburger Buns, 8 Count, 11 oz","https://i5.walmartimages.com/asr/737cb89a-5c4a-48bf-a28f-130b4b9c4d7d.f06c6f71d6e51c12448ca74f27368ce7.jpeg?odnHeight=784&odnWidth=580&odnBg=FFFFFF","Add","1","53","current price $1.53","13.9 ¢/oz","","","https://i5.walmartimages.com/dfw/63fd9f59-2845/2044d79e-92d5-4c08-90a2-0480444a877f/v1/EBT-Logo.svg",""Not eligible","Save with","https://i5.walmartimages.com/dfw/63fd9f59-ac39/29c6759d-7f14-49fa-bd3a-b870eb4fb8fb/v1/wplus-icon-blue.svg","Pickup","today","Delivery","today","Subscribe"
"https://www.walmart.com/ip/Tyson-Fully-Cooked-and-Breaded-Chicken-Patties-1-62-lb-Bag-Frozen/108931416?from=/search","Tyson Fully Cooked and Breaded Chicken Patties, 1.62 lb Bag (Frozen)","https://i5.walmartimages.com/asr/879761c8-e253-4e65-8afa-be783bf19e92.3b5caebcaf74daa53c65c93d2e453b73.jpeg?odnHeight=784&odnWidth=580&odnBg=FFFFFF","Add","6","46","current price $6.46","$3.96/lb","","","https://i5.walmartimages.com/dfw/63fd9f59-2845/2044d79e-92d5-4c08-90a2-0480444a877f/v1/EBT-Logo.svg","EBT eligible","Save with","https://i5.walmartimages.com/dfw/63fd9f59-ac39/29c6759d-7f14-49fa-bd3a-b870eb4fb8fb/v1/wplus-icon-blue.svg","Pickup","today","Delivery","today","Subscribe"
"https://www.walmart.com/ip/Great-Value-Purified-Drinking-Water-16-9-fl-oz-24-Count/13448854?from=/search","Great Value Purified Drinking Water, 16.9 fl oz, 24 Count","https://i5.walmartimages.com/asr/ccb7a298-8772-4ef2-bf1f-e50b467979ea.77cc0effbfcdfd781b754be92d2d098c.jpeg?odnHeight=784&odnWidth=580&odnBg=FFFFFF","Add","3","64","current price $3.64","0.9 ¢/fl oz","2948","3.5 out of 5 Stars. 2948 reviews","https://i5.walmartimages.com/dfw/63fd9f59-2845/2044d79e-92d5-4c08-90a2-0480444a877f/v1/EBT-Logo.svg","EBT eligible","Save with","https://i5.walmartimages.com/dfw/63fd9f59-ac39/29c6759d-7f14-49fa-bd3a-b870eb4fb8fb/v1/wplus-icon-blue.svg","Pickup","today","Delivery","today","Subscribe"
"https://www.walmart.com/ip/Great-Value-Finely-Shredded-Fiesta-Blend-Cheese-32-oz-Bag/10452468?from=/search","Great Value Finely Shredded Fiesta Blend Cheese, 32 oz Bag","https://i5.walmartimages.com/asr/c86a6ab7-5bba-40e1-a973-5440d577a718.6eac4ee870aeb1731a9e7f91e5149ae7.jpeg?odnHeight=784&odnWidth=580&odnBg=FFFFFF","Add","7","84","current price $7.84","24.5 ¢/oz","","","https://i5.walmartimages.com/dfw/63fd9f59-2845/2044d79e-92d5-4c08-90a2-0480444a877f/v1/EBT-Logo.svg","EBT eligible","Save with","https://i5.walmartimages.com/dfw/63fd9f59-ac39/29c6759d-7f14-49fa-bd3a-b870eb4fb8fb/v1/wplus-icon-blue.svg","Pickup","today","Delivery","today","Subscribe"
"https://www.walmart.com/ip/Fresh-Baby-Cut-Carrots-1lb-Bag/10451315?from=/search","1lb Baby Peeled Carrots","https://i5.walmartimages.com/asr/617f9288-f283-4bd4-9fc3-a7b94d7921dd.42e63e092f287d858a59ae2dde00917a.jpeg?odnHeight=784&odnWidth=580&odnBg=FFFFFF","Add","1","32","current price $1.32","8.3 ¢/oz","","","https://i5.walmartimages.com/dfw/63fd9f59-2845/2044d79e-92d5-4c08-90a2-0480444a877f/v1/EBT-Logo.svg",""Not eligible","Save with","https://i5.walmartimages.com/dfw/63fd9f59-ac39/29c6759d-7f14-49fa-bd3a-b870eb4fb8fb/v1/wplus-icon-blue.svg","Pickup","today","Delivery","today","Subscribe"
"https://www.walmart.com/ip/Banquet-Chicken-Pot-Pie-Frozen-Pot-Pie-Dinner-7-oz-frozen/10794554?from=/search","Banquet Chicken Pot Pie, Frozen Pot Pie Dinner, 7 oz (frozen)","https://i5.walmartimages.com/asr/82c4611c-6783-492d-bb14-ec9357f9fcff.ea56c2a5e90bc3e569b27ba43fd58988.jpeg?odnHeight=784&odnWidth=580&odnBg=FFFFFF","Add","1","06","current price $1.06","15.1 ¢/oz","","","https://i5.walmartimages.com/dfw/63fd9f59-2845/2044d79e-92d5-4c08-90a2-0480444a877f/v1/EBT-Logo.svg","EBT eligible","Save with","https://i5.walmartimages.com/dfw/63fd9f59-ac39/29c6759d-7f14-49fa-bd3a-b870eb4fb8fb/v1/wplus-icon-blue.svg","Pickup","today","Delivery","today","Subscribe"
"https://www.walmart.com/ip/Great-Value-Fully-Cooked-Chicken-Nuggets-32-oz-Frozen/51259447?from=/search","Great Value Fully Cooked Chicken Nuggets 32oz Frozen","https://i5.walmartimages.com/asr/93b01be4-c0a2-4593-9f1f-a34d43f06c8b.4d1936c2a41ed4ab15279683703b71bb.jpeg?odnHeight=784&odnWidth=580&odnBg=FFFFFF","Add","5","97","current price $5.97","18.7 ¢/oz","","","https://i5.walmartimages.com/dfw/63fd9f59-2845/2044d79e-92d5-4c08-90a2-0480444a877f/v1/EBT-Logo.svg","EBT eligible","Save with","https://i5.walmartimages.com/dfw/63fd9f59-ac39/29c6759d-7f14-49fa-bd3a-b870eb4fb8fb/v1/wplus-icon-blue.svg","Pickup","today","Delivery","today","Subscribe"
"https://www.walmart.com/ip/Fresh-Yellow-Baby-Potatoes-1-5-lb-Bag/44391123?from=/search","Fresh Yellow Baby Potatoes, 1.5 lb Bag","https://i5.walmartimages.com/asr/f875405b-77cb-410a-b941-36389c1f2521.2586e816adf1c9f55190309c471c8495.jpeg?odnHeight=784&odnWidth=580&odnBg=FFFFFF","Add","3","68","current price $3.68","15.3 ¢/oz","","","https://i5.walmartimages.com/dfw/63fd9f59-2845/2044d79e-92d5-4c08-90a2-0480444a877f/v1/EBT-Logo.svg","EBT eligible","Save with","https://i5.walmartimages.com/dfw/63fd9f59-ac39/29c6759d-7f14-49fa-bd3a-b870eb4fb8fb/v1/wplus-icon-blue.svg","Pickup","today","Delivery","today","Subscribe"
"https://www.walmart.com/ip/John-Soules-Foods-Cooked-Refrigerated-All-Natural-Seasoned-Rotisserie-Chicken-Breast-Strips-8-oz/11027518?from=/search","John Soules Foods, Cooked, Refrigerated, All Natural Seasoned Rotisserie Chicken Breast Strips, 8 oz","https://i5.walmartimages.com/asr/f72d679a-0e87-4add-a184-e13a4e7548ea.6b2d6adcf8845a03b1f95b793112083c.jpeg?odnHeight=784&odnWidth=580&odnBg=FFFFFF","Add","2","98","current price Now $2.98","$5.96/lb","","","https://i5.walmartimages.com/dfw/63fd9f59-2845/2044d79e-92d5-4c08-90a2-0480444a877f/v1/EBT-Logo.svg","EBT eligible","Save with","https://i5.walmartimages.com/dfw/63fd9f59-ac39/29c6759d-7f14-49fa-bd3a-b870eb4fb8fb/v1/wplus-icon-blue.svg","Pickup","today","Delivery","today","Subscribe"
"https://www.walmart.com/ip/Great-Value-Milk-2-Reduced-Fat-Gallon-Plastic-Jug/10450115?from=/search","Great Value Milk 2% Reduced Fat Gallon Plastic Jug","https://i5.walmartimages.com/asr/22a6459a-13b6-4057-aeae-45e62c69e8f8.47f793426ff66fa6432c948d836704f0.jpeg?odnHeight=784&odnWidth=580&odnBg=FFFFFF","Add","3","43","current price $3.43","2.7 ¢/fl oz","","","https://i5.walmartimages.com/dfw/63fd9f59-2845/2044d79e-92d5-4c08-90a2-0480444a877f/v1/EBT-Logo.svg","Not eligible","Save with","https://i5.walmartimages.com/dfw/63fd9f59-ac39/29c6759d-7f14-49fa-bd3a-b870eb4fb8fb/v1/wplus-icon-blue.svg","Pickup","today","Delivery","today","Subscribe"
"https://www.walmart.com/ip/Great-Value-100-Apple-Juice-96-fl-oz/10415325?from=/search","Great Value 100% Apple Juice, 96 fl oz","https://i5.walmartimages.com/asr/34a4bc66-9cdb-404c-8665-b6435742ed45.3402c97169db76e6c3784d67cc1ad581.jpeg?odnHeight=784&odnWidth=580&odnBg=FFFFFF","Add","2","98","current price $2.98","3.1 ¢/fl oz","2959","4.4 out of 5 Stars. 2959 reviews","https://i5.walmartimages.com/dfw/63fd9f59-2845/2044d79e-92d5-4c08-90a2-0480444a877f/v1/EBT-Logo.svg","EBT eligible","Save with","https://i5.walmartimages.com/dfw/63fd9f59-ac39/29c6759d-7f14-49fa-bd3a-b870eb4fb8fb/v1/wplus-icon-blue.svg","Pickup","today","Delivery","today","Subscribe"
"https://www.walmart.com/ip/Maruchan-Ramen-Noodle-Chicken-Flavor-Soup-3-Oz-12-Count-Shelf-Stable-Package/10450904?from=/search","Maruchan Ramen Noodle Chicken Flavor Soup, 3 Oz, 12 Count Shelf Stable Package","https://i5.walmartimages.com/asr/a8ea693a-8aec-44ca-8aff-07200d54e904.f6d56616b5558522e185852761c0dc1e.jpeg?odnHeight=784&odnWidth=580&odnBg=FFFFFF","Add","2","01","current price Now $2.01","5.6 ¢/oz","3956","4.3 out of 5 Stars. 3956 reviews","","","","","Shipping, arrives","in 3+ days","","",""
"https://www.walmart.com/ip/Doritos-Nacho-Cheese-Tortilla-Snack-Chips-Party-Size-14-5-oz-Bag/433078517?from=/search","Doritos Nacho Cheese Tortilla Snack Chips,Party Size, 14.5 oz Bag","https://i5.walmartimages.com/asr/e5f41929-fd15-43ec-bf70-fe0b4a554257.910461210dd12b19bad6d943cb5a8fac.jpeg?odnHeight=784&odnWidth=580&odnBg=FFFFFF","Add","3","01","current price Now $3.01","20.8 ¢/oz","836","3.4 out of 5 Stars. 836 reviews","","","","","Shipping, arrives","in 3+ days","","",""
"https://www.walmart.com/ip/Beef-Choice-Angus-T-Bone-Steak-Bone-In-1-45-2-1-lb-Tray/44180347?athcpid=44180347&athpgid=AthenaContentPage_1735450&athcgid=null&athznid=ItemCarousel_8e75b335-47e5-46f9-949b-aeee347c8fd1_items&athieid=v0&athstid=CS020&athguid=vLkMe8NDc0wS05-Nz1X01XxvU66TSWQyeQ3O&athancid=null&athena=true&athbdg=L1300","Beef Choice Angus T-Bone Steak Bone-In, 1.45 - 2.1 lb Tray","Rollback","https://i5.walmartimages.com/asr/a7cd1611-b032-4d40-810a-87730ef7644e.0fbcbc23ca3dca468628bdf03e185154.jpeg?odnHeight=576&odnWidth=576&odnBg=FFFFFF","Add","Now $14.15","current price Now $14.15","Was $16.73","$10.97/lb","295","2.1 out of 5 Stars. 295 reviews","Save with","https://i5.walmartimages.com/dfw/63fd9f59-ac39/29c6759d-7f14-49fa-bd3a-b870eb4fb8fb/v1/wplus-icon-blue.svg","Pickup","today","Delivery","today"
"https://www.walmart.com/ip/Freshness-Guaranteed-Fajita-Seasoned-Grilled-Shredded-Chicken-Breasts-16-oz-20g-of-Protein-No-Artificial-Ingredients-Gluten-Free-Refrigerated/598539534?athcpid=598539534&athpgid=AthenaContentPage_1735450&athcgid=null&athznid=ItemCarousel_8e75b335-47e5-46f9-949b-aeee347c8fd1_items&athieid=v0&athstid=CS020&athguid=vLkMe8NDc0wS05-Nz1X01XxvU66TSWQyeQ3O&athancid=null&athena=true","Freshness Guaranteed Fajita Seasoned Grilled Shredded Chicken Breasts, 16 oz, 20g of Protein, No Artificial Ingredients, Gluten Free (Refrigerated)","","https://i5.walmartimages.com/asr/fadbd285-f300-4890-acfa-381ea006d536.4314e20d0322eacc1728424f660f2d5b.jpeg?odnHeight=576&odnWidth=576&odnBg=FFFFFF","Add","$9.97","current price $9.97","","$9.97/lb","","","Save with","https://i5.walmartimages.com/dfw/63fd9f59-ac39/29c6759d-7f14-49fa-bd3a-b870eb4fb8fb/v1/wplus-icon-blue.svg","Pickup","today","Delivery","today"
"https://www.walmart.com/ip/Great-Value-Frozen-Raw-Super-Colossal-Shell-on-Tail-on-Easy-Peel-Shrimp-16-oz-13-15-Count-per-lb/55490173?athcpid=55490173&athpgid=AthenaContentPage_1735450&athcgid=null&athznid=ItemCarousel_8e75b335-47e5-46f9-949b-aeee347c8fd1_items&athieid=v0&athstid=CS020&athguid=vLkMe8NDc0wS05-Nz1X01XxvU66TSWQyeQ3O&athancid=null&athena=true","Great Value Frozen Raw Super Colossal Shell-on Tail-on Easy Peel Shrimp, 16 oz (13-15 Count per lb)","","https://i5.walmartimages.com/asr/bc9bb139-a9a1-4201-963c-587856f80d2f.e47e80b20dacad4942362dd338349cc8.jpeg?odnHeight=576&odnWidth=576&odnBg=FFFFFF","Add","$7.92","current price $7.92","","49.5 ¢/oz","","","Save with","https://i5.walmartimages.com/dfw/63fd9f59-ac39/29c6759d-7f14-49fa-bd3a-b870eb4fb8fb/v1/wplus-icon-blue.svg","Pickup","today","Delivery","today"
"https://www.walmart.com/ip/Great-Value-Beef-Burgers-80-Lean-20-Fat-3-lbs-12-Count-Frozen/10315960?athcpid=10315960&athpgid=AthenaContentPage_1735450&athcgid=null&athznid=ItemCarousel_8e75b335-47e5-46f9-949b-aeee347c8fd1_items&athieid=v0&athstid=CS020&athguid=vLkMe8NDc0wS05-Nz1X01XxvU66TSWQyeQ3O&athancid=null&athena=true&athbdg=L1600","Great Value Beef Burgers, 80% Lean/20% Fat, 3 lbs, 12 Count (Frozen)", "https://i5.walmartimages.com/asr/dc145bb1-2d18-4aa2-b18d-3eb595a82011_4.1f7202065508ac87ee1f8022968bf1dc.jpeg?odnHeight=576&odnWidth=576&odnBg=FFFFFF","Add","$12.97","current price $12.97","","$4.32/lb","365","2.7 out of 5 Stars. 365 reviews","Save with","https://i5.walmartimages.com/dfw/63fd9f59-ac39/29c6759d-7f14-49fa-bd3a-b870eb4fb8fb/v1/wplus-icon-blue.svg","Pickup","today","Delivery","today"
"https://www.walmart.com/ip/Great-Value-Hamburger-Buns-8-Count-11-oz/10450104?athcpid=10450104&athpgid=AthenaContentPage_1735450&athcgid=null&athznid=ItemCarousel_8e75b335-47e5-46f9-949b-aeee347c8fd1_items&athieid=v0&athstid=CS020&athguid=vLkMe8NDc0wS05-Nz1X01XxvU66TSWQyeQ3O&athancid=null&athena=true&athbdg=L1600","Great Value Hamburger Buns, 8 Count, 11 oz", "https://i5.walmartimages.com/asr/737cb89a-5c4a-48bf-a28f-130b4b9c4d7d.f06c6f71d6e51c12448ca74f27368ce7.jpeg?odnHeight=576&odnWidth=576&odnBg=FFFFFF","Add","$1.53","current price $1.53","","13.9 ¢/oz","1517","2.5 out of 5 Stars. 1517 reviews","Save with","https://i5.walmartimages.com/dfw/63fd9f59-ac39/29c6759d-7f14-49fa-bd3a-b870eb4fb8fb/v1/wplus-icon-blue.svg","Pickup","today","Delivery","today"
"https://www.walmart.com/ip/Oscar-Mayer-Classic-Beef-Franks-Hot-Dogs-10-ct-Pack/39976745?athcpid=39976745&athpgid=AthenaContentPage_1735450&athcgid=null&athznid=ItemCarousel_8e75b335-47e5-46f9-949b-aeee347c8fd1_items&athieid=v0&athstid=CS020&athguid=vLkMe8NDc0wS05-Nz1X01XxvU66TSWQyeQ3O&athancid=null&athena=true&athbdg=L1600","Oscar Mayer Classic Beef Franks Hot Dogs, 10 ct Pack", "https://i5.walmartimages.com/asr/d0b42a42-daa1-4e1f-bbc6-e7d08b6f0de2.01e39d30720e27d111b713c33e821764.jpeg?odnHeight=576&odnWidth=576&odnBg=FFFFFF","Add","$4.17","current price $4.17","","$4.44/lb","269","3.1 out of 5 Stars. 269 reviews","Save with","https://i5.walmartimages.com/dfw/63fd9f59-ac39/29c6759d-7f14-49fa-bd3a-b870eb4fb8fb/v1/wplus-icon-blue.svg","Pickup","today","Delivery","today"
"https://www.walmart.com/ip/Great-Value-Hot-Dog-Buns-White-11-oz-8-Count/10450133?athcpid=10450133&athpgid=AthenaContentPage_1735450&athcgid=null&athznid=ItemCarousel_8e75b335-47e5-46f9-949b-aeee347c8fd1_items&athieid=v0&athstid=CS020&athguid=vLkMe8NDc0wS05-Nz1X01XxvU66TSWQyeQ3O&athancid=null&athena=true&athbdg=L1600","Great Value Hot Dog Buns, White, 11 oz, 8 Count", "https://i5.walmartimages.com/asr/668fbae9-e0a0-4cba-a28d-3f34b91c0f62.a5267b2052ddb5234e6beabe5cf8310b.jpeg?odnHeight=576&odnWidth=576&odnBg=FFFFFF","Add","$1.53","current price $1.53","","13.9 ¢/oz","1726","2.4 out of 5 Stars. 1726 reviews","Save with","https://i5.walmartimages.com/dfw/63fd9f59-ac39/29c6759d-7f14-49fa-bd3a-b870eb4fb8fb/v1/wplus-icon-blue.svg","Pickup","today","Delivery","today"
"https://www.walmart.com/ip/French-s-No-Artificial-Flavors-Gluten-Free-Classic-Yellow-Mustard-8-oz-Bottle/17247767?athcpid=17247767&athpgid=AthenaContentPage_1735450&athcgid=null&athznid=ItemCarousel_8e75b335-47e5-46f9-949b-aeee347c8fd1_items&athieid=v0&athstid=CS020&athguid=vLkMe8NDc0wS05-Nz1X01XxvU66TSWQyeQ3O&athancid=null&athena=true&athbdg=L1600","French's No Artificial Flavors Gluten Free Classic Yellow Mustard, 8 oz Bottle", "https://i5.walmartimages.com/seo/French-s-No-Artificial-Flavors-Gluten-Free-Classic-Yellow-Mustard-8-oz-Bottle_787140e9-508b-4f9f-8a10-f83ec86ae7d8.5ca5141b926a057b914befc2eb2cf1eb.jpeg?odnHeight=576&odnWidth=576&odnBg=FFFFFF","Add","$1.96","current price $1.96","","24.5 ¢/oz","300","4 out of 5 Stars. 300 reviews","Save with","https://i5.walmartimages.com/dfw/63fd9f59-ac39/29c6759d-7f14-49fa-bd3a-b870eb4fb8fb/v1/wplus-icon-blue.svg","Pickup","today","Delivery","today"
"https://www.walmart.com/ip/Kraft-Singles-American-Cheese-Slices-24-Ct-Pk/10452905?athcpid=10452905&athpgid=AthenaContentPage_1735450&athcgid=null&athznid=ItemCarousel_8e75b335-47e5-46f9-949b-aeee347c8fd1_items&athieid=v0&athstid=CS020&athguid=vLkMe8NDc0wS05-Nz1X01XxvU66TSWQyeQ3O&athancid=null&athena=true&athbdg=L1600","Kraft Singles American Cheese Slices, 24 Ct Pk", "https://i5.walmartimages.com/asr/fabca33f-f113-4c4d-9411-ef367a25aab0.a57331d93dba222943e1e0241cdffb36.jpeg?odnHeight=576&odnWidth=576&odnBg=FFFFFF","Add","$4.98","current price $4.98","","31.1 ¢/oz","2188","4.2 out of 5 Stars. 2188 reviews","Save with","https://i5.walmartimages.com/dfw/63fd9f59-ac39/29c6759d-7f14-49fa-bd3a-b870eb4fb8fb/v1/wplus-icon-blue.svg","Pickup","today","Delivery","today"
"https://www.walmart.com/ip/Great-Value-Tomato-Ketchup-32-oz/172196409?athcpid=172196409&athpgid=AthenaContentPage_1735450&athcgid=null&athznid=ItemCarousel_8e75b335-47e5-46f9-949b-aeee347c8fd1_items&athieid=v0&athstid=CS020&athguid=vLkMe8NDc0wS05-Nz1X01XxvU66TSWQyeQ3O&athancid=null&athena=true&athbdg=L1600","Great Value Tomato Ketchup, 32 oz", "https://i5.walmartimages.com/asr/b2b85138-6d43-4065-83c9-e6eb23d1ca28.c42baffa229ef6da72ab515f6af033f5.jpeg?odnHeight=576&odnWidth=576&odnBg=FFFFFF","Add","$1.94","current price $1.94","","6.1 ¢/oz","274","4.3 out of 5 Stars. 274 reviews","Save with","https://i5.walmartimages.com/dfw/63fd9f59-ac39/29c6759d-7f14-49fa-bd3a-b870eb4fb8fb/v1/wplus-icon-blue.svg","Pickup","today","Delivery","today"
"https://www.walmart.com/ip/Freshness-Guaranteed-Premium-Ready-to-Eat-Deviled-Egg-Potato-Salad-Family-Tub-32-oz-Refrigerated/812222492?athcpid=812222492&athpgid=AthenaContentPage_1735450&athcgid=null&athznid=ItemCarousel_8e75b335-47e5-46f9-949b-aeee347c8fd1_items&athieid=v0&athstid=CS020&athguid=vLkMe8NDc0wS05-Nz1X01XxvU66TSWQyeQ3O&athancid=null&athena=true&athbdg=L1600","Freshness Guaranteed Premium Ready-to-Eat Deviled Egg Potato Salad Family Tub, 32 oz (Refrigerated)", "https://i5.walmartimages.com/asr/cfe255bf-b3da-4657-9edd-8862bb854754.84c5b098c2a3eb477b0602ab835a03c0.jpeg?odnHeight=576&odnWidth=576&odnBg=FFFFFF","Add","Now $4.18","current price Now $4.18","Was $5.47","13.1 ¢/oz","426","3.2 out of 5 Stars. 426 reviews","Save with","https://i5.walmartimages.com/dfw/63fd9f59-ac39/29c6759d-7f14-49fa-bd3a-b870eb4fb8fb/v1/wplus-icon-blue.svg","Pickup","today","Delivery","today"
"https://www.walmart.com/ip/Fresh-Iceberg-Lettuce-Each/10402650?athcpid=10402650&athpgid=AthenaContentPage_1735450&athcgid=null&athznid=ItemCarousel_8e75b335-47e5-46f9-949b-aeee347c8fd1_items&athieid=v0&athstid=CS020&athguid=vLkMe8NDc0wS05-Nz1X01XxvU66TSWQyeQ3O&athancid=null&athena=true&athbdg=L1600","Fresh Iceberg Lettuce, Each", "https://i5.walmartimages.com/asr/37a29f00-4ba9-4874-a02c-6fad5f2fcc24.2eaef037bd486278914e7d25f9890d59.jpeg?odnHeight=576&odnWidth=576&odnBg=FFFFFF","Add","$1.88","current price $1.88","","","6746","1.8 out of 5 Stars. 6746 reviews","Save with","https://i5.walmartimages.com/dfw/63fd9f59-ac39/29c6759d-7f14-49fa-bd3a-b870eb4fb8fb/v1/wplus-icon-blue.svg","Pickup","today","Delivery","today"
"https://www.walmart.com/ip/Bob-Evans-Gluten-Free-Original-Mashed-Potatoes-Family-Size-32-oz-Tray-Refrigerated/47770098?athcpid=47770098&athpgid=AthenaContentPage_1735450&athcgid=null&athznid=ItemCarousel_8e75b335-47e5-46f9-949b-aeee347c8fd1_items&athieid=v0&athstid=CS020&athguid=vLkMe8NDc0wS05-Nz1X01XxvU66TSWQyeQ3O&athancid=null&athena=true&athbdg=L1600","Bob Evans Gluten-Free Original Mashed Potatoes Family Size, 32 oz  Tray (Refrigerated)", "https://i5.walmartimages.com/asr/db55c928-a9ad-4815-b400-b298e075d8f3.3f6f09d527bfc1271a9927255ada7594.jpeg?odnHeight=576&odnWidth=576&odnBg=FFFFFF","Add","$4.98","current price $4.98","","15.6 ¢/oz","333","3.3 out of 5 Stars. 333 reviews","Save with","https://i5.walmartimages.com/dfw/63fd9f59-ac39/29c6759d-7f14-49fa-bd3a-b870eb4fb8fb/v1/wplus-icon-blue.svg","Pickup","today","Delivery","today"
"https://www.walmart.com/ip/Impossible-Burger-Patties-Meat-From-Plants-Frozen-6-Patties-24-oz-Frozen/637719805?athcpid=637719805&athpgid=AthenaContentPage_1735450&athcgid=null&athznid=ItemCarousel_8e75b335-47e5-46f9-949b-aeee347c8fd1_items&athieid=v0&athstid=CS020&athguid=vLkMe8NDc0wS05-Nz1X01XxvU66TSWQyeQ3O&athancid=null&athena=true","Impossible™ Burger Patties Meat From Plants, Frozen, 6 Patties, 24 oz (Frozen)","","https://i5.walmartimages.com/asr/966b2ec2-2ab6-417f-8144-286121d7617e.b001d4bbc027ce954094a70d901a579f.jpeg?odnHeight=576&odnWidth=576&odnBg=FFFFFF","Add","$14.16","current price $14.16","","$9.44/lb","129","3.9 out of 5 Stars. 129 reviews","Save with","https://i5.walmartimages.com/dfw/63fd9f59-ac39/29c6759d-7f14-49fa-bd3a-b870eb4fb8fb/v1/wplus-icon-blue.svg","Pickup","today","Delivery","today"
"https://www.walmart.com/ip/Great-Value-Seasoned-French-Fried-Potatoes-32-oz-Bag-Frozen/10534285?athcpid=10534285&athpgid=AthenaContentPage_1735450&athcgid=null&athznid=ItemCarousel_8e75b335-47e5-46f9-949b-aeee347c8fd1_items&athieid=v0&athstid=CS020&athguid=vLkMe8NDc0wS05-Nz1X01XxvU66TSWQyeQ3O&athancid=null&athena=true&athbdg=L1600","Great Value Seasoned French Fried Potatoes, 32 oz Bag (Frozen)", "https://i5.walmartimages.com/asr/aea4a76c-b6d3-4a12-b7a8-bcc6a381ca34.e6a0083d5174bdc3f1d8bc1a87749517.jpeg?odnHeight=576&odnWidth=576&odnBg=FFFFFF","Add","$3.12","current price $3.12","","9.8 ¢/oz","625","2.7 out of 5 Stars. 625 reviews","Save with","https://i5.walmartimages.com/dfw/63fd9f59-ac39/29c6759d-7f14-49fa-bd3a-b870eb4fb8fb/v1/wplus-icon-blue.svg","Pickup","today","Delivery","today"
"https://www.walmart.com/ip/Frito-Lay-Snacks-Variety-Packs-Fun-Mix-40-125-oz-bag-42-count/5090334042?athcpid=5090334042&athpgid=AthenaContentPage_1735450&athcgid=null&athznid=ItemCarousel_8e75b335-47e5-46f9-949b-aeee347c8fd1_items&athieid=v0&athstid=CS020&athguid=vLkMe8NDc0wS05-Nz1X01XxvU66TSWQyeQ3O&athancid=null&athena=true","Frito-Lay Snacks Variety Packs Fun Mix, 40.125 oz Bag, 42 Count","","https://i5.walmartimages.com/asr/c9059dd7-1357-4fc4-bb37-cd926ff9765f.a716a3684b3b3106c0b1f6ae33eabd82.jpeg?odnHeight=576&odnWidth=576&odnBg=FFFFFF","Add","$19.98","current price $19.98","","49.8 ¢/oz","24","3.2 out of 5 Stars. 24 reviews","Save with","https://i5.walmartimages.com/dfw/63fd9f59-ac39/29c6759d-7f14-49fa-bd3a-b870eb4fb8fb/v1/wplus-icon-blue.svg","Pickup","today","Delivery","today"
"https://www.walmart.com/ip/Marketside-Chicken-Caesar-Salad-12-1-oz-Fresh-Deli/708153641?athcpid=708153641&athpgid=AthenaContentPage_1735450&athcgid=null&athznid=ItemCarousel_8e75b335-47e5-46f9-949b-aeee347c8fd1_items&athieid=v0&athstid=CS020&athguid=vLkMe8NDc0wS05-Nz1X01XxvU66TSWQyeQ3O&athancid=null&athena=true","Marketside Chicken Caesar Salad, 12.1 oz, Fresh Deli","","https://i5.walmartimages.com/asr/942e13c7-4948-42f3-b80a-98359f08953b.757615cff586527e8c3993c887a10fa5.jpeg?odnHeight=576&odnWidth=576&odnBg=FFFFFF","Add","$4.74","current price $4.74","","39.2 ¢/oz","","","Save with","https://i5.walmartimages.com/dfw/63fd9f59-ac39/29c6759d-7f14-49fa-bd3a-b870eb4fb8fb/v1/wplus-icon-blue.svg","Pickup","today","Delivery","today"
"https://www.walmart.com/ip/Kinder-s-Buttery-Steakhouse-Seasoning-Rub/336880549?athcpid=336880549&athpgid=AthenaContentPage_1735450&athcgid=null&athznid=ItemCarousel_8e75b335-47e5-46f9-949b-aeee347c8fd1_items&athieid=v0&athstid=CS020&athguid=vLkMe8NDc0wS05-Nz1X01XxvU66TSWQyeQ3O&athancid=null&athena=true","Kinder's Buttery Steakhouse Seasoning Rub, 5.5 oz","","https://i5.walmartimages.com/seo/Kinder-s-Buttery-Steakhouse-Seasoning-Rub_1d2866dc-60e2-40db-9d4a-38559a1fe8f2.8165cf6c5ba22594eecdf56140f0709a.jpeg?odnHeight=576&odnWidth=576&odnBg=FFFFFF","Add","$5.23","current price $5.23","","95.1 ¢/oz","104","4.3 out of 5 Stars. 104 reviews","Save with","https://i5.walmartimages.com/dfw/63fd9f59-ac39/29c6759d-7f14-49fa-bd3a-b870eb4fb8fb/v1/wplus-icon-blue.svg","Pickup","today","Delivery","today"
"https://www.walmart.com/ip/Bob-Evans-Family-Size-Real-Cheddar-Macaroni-Cheese-28-oz-Tray-Refrigerated/47770097?athcpid=47770097&athpgid=AthenaContentPage_1735450&athcgid=null&athznid=ItemCarousel_8e75b335-47e5-46f9-949b-aeee347c8fd1_items&athieid=v0&athstid=CS020&athguid=vLkMe8NDc0wS05-Nz1X01XxvU66TSWQyeQ3O&athancid=null&athena=true&athbdg=L1600","Bob Evans Family Size Real Cheddar Macaroni & Cheese , 28 oz Tray (Refrigerated)", "https://i5.walmartimages.com/asr/22700b79-ea6d-48f4-ba82-863b83ab5c85.3c4908e949e4d47acef28c911312156b.png?odnHeight=576&odnWidth=576&odnBg=FFFFFF","Add","$4.98","current price $4.98","","17.8 ¢/oz","146","3 out of 5 Stars. 146 reviews","Save with","https://i5.walmartimages.com/dfw/63fd9f59-ac39/29c6759d-7f14-49fa-bd3a-b870eb4fb8fb/v1/wplus-icon-blue.svg","Pickup","today","Delivery","today"
"https://www.walmart.com/ip/Fresh-Banana-Fruit-Each/44390948?athcpid=44390948&athpgid=AthenaContentPage_1735450&athcgid=null&athznid=GenericCampaigns_7cbe8a0a-c5fe-4839-a851-edb3ec71638c_items&athieid=null&athstid=CS020&athguid=vLkMe8NDc0wS05-Nz1X01XxvU66TSWQyeQ3O&athancid=null&athena=true&athbdg=L1600","Fresh Banana Fruit, Each", "https://i5.walmartimages.com/asr/5939a6fa-a0d6-431c-88c6-b4f21608e4be.f7cd0cc487761d74c69b7731493c1581.jpeg?odnHeight=576&odnWidth=576&odnBg=FFFFFF","Add","Now $0.24","current price Now $0.24","Was $0.27","50.0 ¢/lb","","","Save with","https://i5.walmartimages.com/dfw/63fd9f59-ac39/29c6759d-7f14-49fa-bd3a-b870eb4fb8fb/v1/wplus-icon-blue.svg","Pickup","today","Delivery","today"
"https://www.walmart.com/ip/Great-Value-Milk-Whole-Vitamin-D-Gallon-Plastic-Jug/10450114?athcpid=10450114&athpgid=AthenaContentPage_1735450&athcgid=null&athznid=GenericCampaigns_7cbe8a0a-c5fe-4839-a851-edb3ec71638c_items&athieid=null&athstid=CS020&athguid=vLkMe8NDc0wS05-Nz1X01XxvU66TSWQyeQ3O&athancid=null&athena=true&athbdg=L1600","Great Value Whole Vitamin D Milk, Gallon, Plastic, Jug, 128 Fl Oz", "https://i5.walmartimages.com/asr/6a7b09b4-f51d-4bea-a01c-85767f1b481a.86876244397d83ce6cdedb030abe6e4a.jpeg?odnHeight=576&odnWidth=576&odnBg=FFFFFF","Add","$3.78","current price $3.78","","3.0 ¢/fl oz","6804","2.8 out of 5 Stars. 6804 reviews","Save with","https://i5.walmartimages.com/dfw/63fd9f59-ac39/29c6759d-7f14-49fa-bd3a-b870eb4fb8fb/v1/wplus-icon-blue.svg","Pickup","today","Delivery","today"
"https://www.walmart.com/ip/Great-Value-Purified-Drinking-Water-16-9-fl-oz-Bottles-40-Count/992524020?athcpid=992524020&athpgid=AthenaContentPage_1735450&athcgid=null&athznid=GenericCampaigns_7cbe8a0a-c5fe-4839-a851-edb3ec71638c_items&athieid=null&athstid=CS020&athguid=vLkMe8NDc0wS05-Nz1X01XxvU66TSWQyeQ3O&athancid=null&athena=true&athbdg=L1600","Great Value Purified Drinking Water, 16.9 fl oz Bottles, 40 Count", "https://i5.walmartimages.com/asr/061099c8-2637-49ad-9706-506d42bbe542.33c33902d22157d2c215a61e15fd4a4b.jpeg?odnHeight=576&odnWidth=576&odnBg=FFFFFF","Add","$5.63","current price $5.63","","0.8 ¢/fl oz","9786","3.4 out of 5 Stars. 9786 reviews","Save with","https://i5.walmartimages.com/dfw/63fd9f59-ac39/29c6759d-7f14-49fa-bd3a-b870eb4fb8fb/v1/wplus-icon-blue.svg","Pickup","today","Delivery","today"
"https://www.walmart.com/ip/Great-Value-100-Apple-Juice-96-fl-oz/10415325?athcpid=10415325&athpgid=AthenaContentPage_1735450&athcgid=null&athznid=GenericCampaigns_7cbe8a0a-c5fe-4839-a851-edb3ec71638c_items&athieid=null&athstid=CS020&athguid=vLkMe8NDc0wS05-Nz1X01XxvU66TSWQyeQ3O&athancid=null&athena=true&athbdg=L1600","Great Value 100% Apple Juice, 96 fl oz", "https://i5.walmartimages.com/asr/34a4bc66-9cdb-404c-8665-b6435742ed45.3402c97169db76e6c3784d67cc1ad581.jpeg?odnHeight=576&odnWidth=576&odnBg=FFFFFF","Add","$2.98","current price $2.98","","3.1 ¢/fl oz","2960","4.4 out of 5 Stars. 2960 reviews","Save with","https://i5.walmartimages.com/dfw/63fd9f59-ac39/29c6759d-7f14-49fa-bd3a-b870eb4fb8fb/v1/wplus-icon-blue.svg","Pickup","today","Delivery","today"
"https://www.walmart.com/ip/Lunchables-Pizza-with-Pepperoni-Kids-Lunch-Snack-4-3-oz-Tray/10452307?athcpid=10452307&athpgid=AthenaContentPage_1735450&athcgid=null&athznid=GenericCampaigns_7cbe8a0a-c5fe-4839-a851-edb3ec71638c_items&athieid=null&athstid=CS020&athguid=vLkMe8NDc0wS05-Nz1X01XxvU66TSWQyeQ3O&athancid=null&athena=true&athbdg=L1600","Lunchables Pizza with Pepperoni Kids Lunch Snack, 4.3 oz Tray", "https://i5.walmartimages.com/asr/6e760bff-aacd-4c2b-ba9a-651591110d27.6db9d1f0e3a833f11f8840d1a992efae.jpeg?odnHeight=576&odnWidth=576&odnBg=FFFFFF","Add","Now $1.76","current price Now $1.76","Was $1.96","40.9 ¢/oz","1091","4.3 out of 5 Stars. 1091 reviews","Save with","https://i5.walmartimages.com/dfw/63fd9f59-ac39/29c6759d-7f14-49fa-bd3a-b870eb4fb8fb/v1/wplus-icon-blue.svg","Pickup","today","Delivery","today"
"https://www.walmart.com/ip/Great-Value-Milk-2-Reduced-Fat-Gallon-Plastic-Jug/10450115?athcpid=10450115&athpgid=AthenaContentPage_1735450&athcgid=null&athznid=GenericCampaigns_7cbe8a0a-c5fe-4839-a851-edb3ec71638c_items&athieid=null&athstid=CS020&athguid=vLkMe8NDc0wS05-Nz1X01XxvU66TSWQyeQ3O&athancid=null&athena=true&athbdg=L1600","Great Value Milk 2% Reduced Fat Gallon Plastic Jug", "https://i5.walmartimages.com/asr/22a6459a-13b6-4057-aeae-45e62c69e8f8.47f793426ff66fa6432c948d836704f0.jpeg?odnHeight=576&odnWidth=576&odnBg=FFFFFF","Add","$3.43","current price $3.43","","2.7 ¢/fl oz","5221","2.8 out of 5 Stars. 5221 reviews","Save with","https://i5.walmartimages.com/dfw/63fd9f59-ac39/29c6759d-7f14-49fa-bd3a-b870eb4fb8fb/v1/wplus-icon-blue.svg","Pickup","today","Delivery","today"
"https://www.walmart.com/ip/Boneless-Skinless-Chicken-Breasts-4-7-6-1-lb-Tray/27935840?athcpid=27935840&athpgid=AthenaContentPage_1735450&athcgid=null&athznid=GenericCampaigns_7cbe8a0a-c5fe-4839-a851-edb3ec71638c_items&athieid=null&athstid=CS020&athguid=vLkMe8NDc0wS05-Nz1X01XxvU66TSWQyeQ3O&athancid=null&athena=true&athbdg=L1600","Boneless, Skinless Chicken Breasts, 4.7-6.1 lb Tray", "https://i5.walmartimages.com/asr/4693e429-b926-4913-984c-dd29d4bdd586.780145c264e407b17e86cd4a7106731f.jpeg?odnHeight=576&odnWidth=576&odnBg=FFFFFF","Add","$12.18","current price $12.18","","$2.67/lb","","","Save with","https://i5.walmartimages.com/dfw/63fd9f59-ac39/29c6759d-7f14-49fa-bd3a-b870eb4fb8fb/v1/wplus-icon-blue.svg","Pickup","today","Delivery","today"
"https://www.walmart.com/ip/Fresh-Baby-Cut-Carrots-1lb-Bag/10451315?athcpid=10451315&athpgid=AthenaContentPage_1735450&athcgid=null&athznid=GenericCampaigns_7cbe8a0a-c5fe-4839-a851-edb3ec71638c_items&athieid=null&athstid=CS020&athguid=vLkMe8NDc0wS05-Nz1X01XxvU66TSWQyeQ3O&athancid=null&athena=true&athbdg=L1600","1lb Baby Peeled Carrots", "https://i5.walmartimages.com/asr/617f9288-f283-4bd4-9fc3-a7b94d7921dd.42e63e092f287d858a59ae2dde00917a.jpeg?odnHeight=576&odnWidth=576&odnBg=FFFFFF","Add","$1.32","current price $1.32","","8.3 ¢/oz","1853","3.9 out of 5 Stars. 1853 reviews","Save with","https://i5.walmartimages.com/dfw/63fd9f59-ac39/29c6759d-7f14-49fa-bd3a-b870eb4fb8fb/v1/wplus-icon-blue.svg","Pickup","today","Delivery","today"
"https://www.walmart.com/ip/All-Natural-80-Lean-20-Fat-Ground-Beef-Chuck-2-25-lb-Tray/959024059?athcpid=959024059&athpgid=AthenaContentPage_1735450&athcgid=null&athznid=GenericCampaigns_7cbe8a0a-c5fe-4839-a851-edb3ec71638c_items&athieid=null&athstid=CS020&athguid=vLkMe8NDc0wS05-Nz1X01XxvU66TSWQyeQ3O&athancid=null&athena=true&athbdg=L1600","All Natural* 80% Lean/20% Fat Ground Beef Chuck, 2.25 lb Tray", "https://i5.walmartimages.com/asr/a19f91f0-524f-4a41-ba7f-c60e80bfbab8.b4d32bdf2dfece7801b34c09d9b79c0e.jpeg?odnHeight=576&odnWidth=576&odnBg=FFFFFF","Add","$14.93","current price $14.93","","$6.64/lb","881","2.1 out of 5 Stars. 881 reviews","Save with","https://i5.walmartimages.com/dfw/63fd9f59-ac39/29c6759d-7f14-49fa-bd3a-b870eb4fb8fb/v1/wplus-icon-blue.svg","Pickup","today","Delivery","today"
"https://www.walmart.com/ip/Great-Value-Cream-Cheese-8-oz-2-Count/41592222?athcpid=41592222&athpgid=AthenaContentPage_1735450&athcgid=null&athznid=GenericCampaigns_7cbe8a0a-c5fe-4839-a851-edb3ec71638c_items&athieid=null&athstid=CS020&athguid=vLkMe8NDc0wS05-Nz1X01XxvU66TSWQyeQ3O&athancid=null&athena=true&athbdg=L1600","Great Value Cream Cheese 8 oz, 2 Count", "https://i5.walmartimages.com/asr/c1862190-29aa-4845-9e86-3e842bcb6428_2.668ca473439254df7207aee3ea25dcc9.jpeg?odnHeight=576&odnWidth=576&odnBg=FFFFFF","Add","$3.62","current price $3.62","","22.6 ¢/oz","828","3.6 out of 5 Stars. 828 reviews","Save with","https://i5.walmartimages.com/dfw/63fd9f59-ac39/29c6759d-7f14-49fa-bd3a-b870eb4fb8fb/v1/wplus-icon-blue.svg","Pickup","today","Delivery","today"
"https://www.walmart.com/ip/Uncrustables-Peanut-Butter-Grape-Jelly-Sandwich-10-Count-Pack/10849748?athcpid=10849748&athpgid=AthenaContentPage_1735450&athcgid=null&athznid=GenericCampaigns_7cbe8a0a-c5fe-4839-a851-edb3ec71638c_items&athieid=null&athstid=CS020&athguid=vLkMe8NDc0wS05-Nz1X01XxvU66TSWQyeQ3O&athancid=null&athena=true&athbdg=L1600","Smucker's Uncrustables Peanut Butter & Grape Jelly Sandwiches, 2 oz, 10 count (Frozen)", "https://i5.walmartimages.com/asr/cf6aaa1e-655f-4985-bab0-fa3ffc7211b6.471594c9d05e30496ca8288f493147d8.jpeg?odnHeight=576&odnWidth=576&odnBg=FFFFFF","Add","$9.96","current price $9.96","","49.8 ¢/oz","5809","4.6 out of 5 Stars. 5809 reviews","Save with","https://i5.walmartimages.com/dfw/63fd9f59-ac39/29c6759d-7f14-49fa-bd3a-b870eb4fb8fb/v1/wplus-icon-blue.svg","Pickup","today","Delivery","today"
"https://www.walmart.com/ip/Frito-Lay-Flavor-Mix-Variety-Snack-Chips-18-Count-Multipack/556798000?athcpid=556798000&athpgid=AthenaContentPage_1735450&athcgid=null&athznid=GenericCampaigns_7cbe8a0a-c5fe-4839-a851-edb3ec71638c_items&athieid=null&athstid=CS020&athguid=vLkMe8NDc0wS05-Nz1X01XxvU66TSWQyeQ3O&athancid=null&athena=true","Frito-Lay Flavor Mix Variety Snack Chips, 18 Count Multipack","","https://i5.walmartimages.com/asr/f3ecae69-48d3-4af5-83d4-1ee9e666a17a.3a2e3974b29238394dbcac70ffd62093.jpeg?odnHeight=576&odnWidth=576&odnBg=FFFFFF","Add","Now $16.18","current price Now $16.18","Was $22.99","","510","2.5 out of 5 Stars. 510 reviews","","","Shipping, arrives","in 3+ days","",""
"https://www.walmart.com/ip/Marketside-Fresh-Shredded-Iceberg-Lettuce-8-oz-Bag-Fresh/13893731?athcpid=13893731&athpgid=AthenaContentPage_1735450&athcgid=null&athznid=GenericCampaigns_7cbe8a0a-c5fe-4839-a851-edb3ec71638c_items&athieid=null&athstid=CS020&athguid=vLkMe8NDc0wS05-Nz1X01XxvU66TSWQyeQ3O&athancid=null&athena=true&athbdg=L1600","Marketside Fresh Shredded Iceberg Lettuce, 8 oz Bag, Fresh", "https://i5.walmartimages.com/asr/c806e522-b09e-4078-a6cf-c49fa64b8bac_1.184fccfd6599719f0852c4a66b9a1e0e.jpeg?odnHeight=576&odnWidth=576&odnBg=FFFFFF","Add","$1.98","current price $1.98","","24.8 ¢/oz","","","Save with","https://i5.walmartimages.com/dfw/63fd9f59-ac39/29c6759d-7f14-49fa-bd3a-b870eb4fb8fb/v1/wplus-icon-blue.svg","Pickup","today","Delivery","today"
"https://www.walmart.com/ip/Doritos-Nacho-Cheese-Tortilla-Snack-Chips-Party-Size-14-5-oz-Bag/433078517?athcpid=433078517&athpgid=AthenaContentPage_1735450&athcgid=null&athznid=GenericCampaigns_7cbe8a0a-c5fe-4839-a851-edb3ec71638c_items&athieid=null&athstid=CS020&athguid=vLkMe8NDc0wS05-Nz1X01XxvU66TSWQyeQ3O&athancid=null&athena=true&athbdg=L1600","Doritos Nacho Cheese Tortilla Snack Chips,Party Size, 14.5 oz Bag", "https://i5.walmartimages.com/seo/Doritos-Nacho-Cheese-Tortilla-Snack-Chips-Party-Size-14-5-oz-Bag_e5f41929-fd15-43ec-bf70-fe0b4a554257.910461210dd12b19bad6d943cb5a8fac.jpeg?odnHeight=576&odnWidth=576&odnBg=FFFFFF","Add","$5.94","current price $5.94","","41.0 ¢/oz","839","3.4 out of 5 Stars. 839 reviews","Save with","https://i5.walmartimages.com/dfw/63fd9f59-ac39/29c6759d-7f14-49fa-bd3a-b870eb4fb8fb/v1/wplus-icon-blue.svg","Pickup","today","Delivery","today"
"https://www.walmart.com/ip/Coca-Cola-Classic-Soda-Pop-Fridge-Pack-12-fl-oz-Cans-12-Pack/12166733?athcpid=12166733&athpgid=AthenaContentPage_1735450&athcgid=null&athznid=GenericCampaigns_7cbe8a0a-c5fe-4839-a851-edb3ec71638c_items&athieid=null&athstid=CS020&athguid=vLkMe8NDc0wS05-Nz1X01XxvU66TSWQyeQ3O&athancid=null&athena=true&athbdg=L1600","Coca-Cola Classic Soda Pop Fridge Pack, 12 fl oz Cans, 12 Pack", "https://i5.walmartimages.com/seo/Coca-Cola-Classic-Soda-Pop-Fridge-Pack-12-fl-oz-Cans-12-Pack_f69cdc2c-b50b-48a2-9a99-90b70870d3fd.38aeec71eb668abc670732098e30e064.jpeg?odnHeight=576&odnWidth=576&odnBg=FFFFFF","","","","","","17910","4.6 out of 5 Stars. 17910 reviews","Save with","https://i5.walmartimages.com/dfw/63fd9f59-ac39/29c6759d-7f14-49fa-bd3a-b870eb4fb8fb/v1/wplus-icon-blue.svg","Pickup","today","Delivery","today"
"https://www.walmart.com/ip/Pepsi-Cola-Soda-Pop-12-fl-oz-12-Pack-Cans/16785027?athcpid=16785027&athpgid=AthenaContentPage_1735450&athcgid=null&athznid=GenericCampaigns_7cbe8a0a-c5fe-4839-a851-edb3ec71638c_items&athieid=null&athstid=CS020&athguid=vLkMe8NDc0wS05-Nz1X01XxvU66TSWQyeQ3O&athancid=null&athena=true&athbdg=L1600","Pepsi Cola Soda Pop, 12 fl oz, 12 Pack Cans", "https://i5.walmartimages.com/seo/Pepsi-Cola-Soda-Pop-12-fl-oz-12-Pack-Cans_3d73dd04-7960-44c8-bab2-f3d7636c5ec9.ba3823777dc7c83f5692765d5818f942.jpeg?odnHeight=576&odnWidth=576&odnBg=FFFFFF","","","Was $7.28","","","1605","4 out of 5 Stars. 1605 reviews","Save with","https://i5.walmartimages.com/dfw/63fd9f59-ac39/29c6759d-7f14-49fa-bd3a-b870eb4fb8fb/v1/wplus-icon-blue.svg","Pickup","today","Delivery","today"
"https://www.walmart.com/ip/Sara-Lee-White-Made-With-Whole-Grain-Sandwich-Bread-20-Oz-Loaf-of-White-Sandwich-Bread/10533917?athcpid=10533917&athpgid=AthenaContentPage_1735450&athcgid=null&athznid=ItemCarousel_72a19634-0dce-40f8-8bc2-6486c2029e44_items&athieid=v0&athstid=CS020&athguid=vLkMe8NDc0wS05-Nz1X01XxvU66TSWQyeQ3O&athancid=null&athena=true","Sara Lee White made with Whole Grain Bread, 20 oz, Soft Plain Wheat Bread, Bag","","https://i5.walmartimages.com/asr/6b008821-e9ab-478c-9046-d8324b8e930f.4774b06d77074564aa48f906e5c9f8c5.jpeg?odnHeight=576&odnWidth=576&odnBg=FFFFFF","Add","$8.99","current price $8.99","","45.0 ¢/oz","1380","4.4 out of 5 Stars. 1380 reviews","","","Shipping, arrives","in 3+ days","",""
"https://www.walmart.com/ip/Great-Value-Deli-Style-Sliced-Mild-Cheddar-Cheese-8-oz-12-Count/10452514?athcpid=10452514&athpgid=AthenaContentPage_1735450&athcgid=null&athznid=ItemCarousel_72a19634-0dce-40f8-8bc2-6486c2029e44_items&athieid=v0&athstid=CS020&athguid=vLkMe8NDc0wS05-Nz1X01XxvU66TSWQyeQ3O&athancid=null&athena=true","Great Value Deli Style Sliced Mild Cheddar Cheese, 8 oz, 12 Count","","https://i5.walmartimages.com/asr/cea8acf2-4c04-4b62-b4d6-23befdba6044.8d5aec1c31307c9324654976eb7ffb95.jpeg?odnHeight=576&odnWidth=576&odnBg=FFFFFF","Add","$2.46","current price $2.46","","30.8 ¢/oz","281","3 out of 5 Stars. 281 reviews","Save with","https://i5.walmartimages.com/dfw/63fd9f59-ac39/29c6759d-7f14-49fa-bd3a-b870eb4fb8fb/v1/wplus-icon-blue.svg","Pickup","today","Delivery","today"
"https://www.walmart.com/ip/Hillshire-Farm-Sliced-Oven-Roasted-Turkey-Breast-Deli-Lunch-Meat-Family-Size-1-lb/12443809?athcpid=12443809&athpgid=AthenaContentPage_1735450&athcgid=null&athznid=ItemCarousel_72a19634-0dce-40f8-8bc2-6486c2029e44_items&athieid=v0&athstid=CS020&athguid=vLkMe8NDc0wS05-Nz1X01XxvU66TSWQyeQ3O&athancid=null&athena=true&athbdg=L1600","Hillshire Farm Ultra Thin Oven Roasted Turkey Breast, 16 oz", "https://i5.walmartimages.com/asr/b652ae99-7a3a-4210-9af8-252cd3e4c400.927f6d0001e89a805f853a4eaab412ec.jpeg?odnHeight=576&odnWidth=576&odnBg=FFFFFF","Add","Now $7.12","current price Now $7.12","Was $7.92","$7.12/lb","","","Save with","https://i5.walmartimages.com/dfw/63fd9f59-ac39/29c6759d-7f14-49fa-bd3a-b870eb4fb8fb/v1/wplus-icon-blue.svg","Pickup","today","Delivery","today"
"https://www.walmart.com/ip/Land-O-Frost-Premium-Hardwood-Smoked-Honey-Ham-Deli-Style-Lunch-Meat-Resealable-Plastic-Pouch-16-oz-1-lb/10307895?athcpid=10307895&athpgid=AthenaContentPage_1735450&athcgid=null&athznid=ItemCarousel_72a19634-0dce-40f8-8bc2-6486c2029e44_items&athieid=v0&athstid=CS020&athguid=vLkMe8NDc0wS05-Nz1X01XxvU66TSWQyeQ3O&athancid=null&athena=true&athbdg=L1600","Land O' Frost Premium Hardwood Smoked Honey Ham, Deli Style Lunch Meat,  Resealable Plastic Pouch, 16 oz., 1 lb", "https://i5.walmartimages.com/asr/44a65242-83e2-4102-8a0e-464e1e74fc6e.e8e54d6c29cb5c58b4860ded220ac22e.jpeg?odnHeight=576&odnWidth=576&odnBg=FFFFFF","Add","$6.12","current price $6.12","","$6.12/lb","","","Save with","https://i5.walmartimages.com/dfw/63fd9f59-ac39/29c6759d-7f14-49fa-bd3a-b870eb4fb8fb/v1/wplus-icon-blue.svg","Pickup","today","Delivery","today"
"https://www.walmart.com/ip/Sargento-Natural-String-Cheese-Snacks-12-Count/10291588?athcpid=10291588&athpgid=AthenaContentPage_1735450&athcgid=null&athznid=ItemCarousel_72a19634-0dce-40f8-8bc2-6486c2029e44_items&athieid=v0&athstid=CS020&athguid=vLkMe8NDc0wS05-Nz1X01XxvU66TSWQyeQ3O&athancid=null&athena=true","Sargento® Natural String Cheese Snacks, 12-Count","","https://i5.walmartimages.com/asr/14be27ff-aa49-49cb-810d-dab2f0b48153.2ef712ec5710426ceb6f552702b31e25.jpeg?odnHeight=576&odnWidth=576&odnBg=FFFFFF","Add","$4.98","current price $4.98","","41.5 ¢/oz","278","4.4 out of 5 Stars. 278 reviews","Save with","https://i5.walmartimages.com/dfw/63fd9f59-ac39/29c6759d-7f14-49fa-bd3a-b870eb4fb8fb/v1/wplus-icon-blue.svg","Pickup","today","Delivery","today"
"https://www.walmart.com/ip/Crunch-Pak-Snack-Featuring-Bluey-with-Fresh-Peeled-Apples-Fruit-Snacks-and-Crackers-4-25-oz-Tray/1981484121?athcpid=1981484121&athpgid=AthenaContentPage_1735450&athcgid=null&athznid=ItemCarousel_72a19634-0dce-40f8-8bc2-6486c2029e44_items&athieid=v0&athstid=CS020&athguid=vLkMe8NDc0wS05-Nz1X01XxvU66TSWQyeQ3O&athancid=null&athena=true&athbdg=L1600","Crunch Pak Snack Featuring Bluey with Fresh Peeled Apples, Fruit Snacks, and Crackers, 4.25 oz Tray", "https://i5.walmartimages.com/asr/eeaf979f-462a-4e3d-9e1f-90cc38d34f7e.235ceddac29bc0d1cc315c9e718888fe.jpeg?odnHeight=576&odnWidth=576&odnBg=FFFFFF","Add","$2.97","current price $2.97","","69.9 ¢/oz","10","2.7 out of 5 Stars. 10 reviews","Save with","https://i5.walmartimages.com/dfw/63fd9f59-ac39/29c6759d-7f14-49fa-bd3a-b870eb4fb8fb/v1/wplus-icon-blue.svg","Pickup","today","Delivery","today"
"https://www.walmart.com/ip/Crunch-Pak-Snack-Paw-Patrol-with-Sweet-Sliced-Apples-Fruit-Snacks-Cheese-and-Cinnamon-Dog-Bone-Cookies/2910004455?athcpid=2910004455&athpgid=AthenaContentPage_1735450&athcgid=null&athznid=ItemCarousel_72a19634-0dce-40f8-8bc2-6486c2029e44_items&athieid=v0&athstid=CS020&athguid=vLkMe8NDc0wS05-Nz1X01XxvU66TSWQyeQ3O&athancid=null&athena=true","Crunch Pak Snack Paw Patrol with Sweet Sliced Apples, Fruit Snacks, Cheese and Cinnamon Dog Bone Cookies","","https://i5.walmartimages.com/asr/01a3889d-a397-4f97-a9d6-f01ffdb87428.87c2c7626144254873ead65a7e652aad.png?odnHeight=576&odnWidth=576&odnBg=FFFFFF","Add","$2.97","current price $2.97","","76.2 ¢/oz","27","2.9 out of 5 Stars. 27 reviews","Save with","https://i5.walmartimages.com/dfw/63fd9f59-ac39/29c6759d-7f14-49fa-bd3a-b870eb4fb8fb/v1/wplus-icon-blue.svg","Pickup","today","Delivery","today"
"https://www.walmart.com/ip/PRO2snax-Sliced-Apples-Chocolate-Caramels-Pretzels-2-4-oz/951752841?athcpid=951752841&athpgid=AthenaContentPage_1735450&athcgid=null&athznid=ItemCarousel_72a19634-0dce-40f8-8bc2-6486c2029e44_items&athieid=v0&athstid=CS020&athguid=vLkMe8NDc0wS05-Nz1X01XxvU66TSWQyeQ3O&athancid=null&athena=true","PRO2snax Sliced Apples Chocolate Caramels, & Pretzels, 2.4 oz","","https://i5.walmartimages.com/asr/a5afa97d-5ea7-4913-8936-7dee6af7100d_2.b45e392819482c5be7de6f4ad8d7e021.jpeg?odnHeight=576&odnWidth=576&odnBg=FFFFFF","Add","$1.47","current price $1.47","","61.3 ¢/oz","60","3.4 out of 5 Stars. 60 reviews","Save with","https://i5.walmartimages.com/dfw/63fd9f59-ac39/29c6759d-7f14-49fa-bd3a-b870eb4fb8fb/v1/wplus-icon-blue.svg","Pickup","today","Delivery","today"
"https://www.walmart.com/ip/Dippin-Stix-Tart-Apples-Caramel-Snack-Packs-2-75-oz/10324600?athcpid=10324600&athpgid=AthenaContentPage_1735450&athcgid=null&athznid=ItemCarousel_72a19634-0dce-40f8-8bc2-6486c2029e44_items&athieid=v0&athstid=CS020&athguid=vLkMe8NDc0wS05-Nz1X01XxvU66TSWQyeQ3O&athancid=null&athena=true","Dippin' Stix Tart Apples & Caramel Snack Packs, 2.75 oz","","https://i5.walmartimages.com/asr/0940e81c-d197-49e6-8691-92fcdbda5951_1.12890bad46ad62a3ef89389f3fb33926.jpeg?odnHeight=576&odnWidth=576&odnBg=FFFFFF","Add","$1.47","current price $1.47","","53.5 ¢/oz","159","3.4 out of 5 Stars. 159 reviews","Save with","https://i5.walmartimages.com/dfw/63fd9f59-ac39/29c6759d-7f14-49fa-bd3a-b870eb4fb8fb/v1/wplus-icon-blue.svg","Pickup","today","Delivery","today"
"https://www.walmart.com/ip/Danimals-Smoothie-Strawberry-Explosion-Dairy-Drink-3-1-OZ-6-Ct/12166443?athcpid=12166443&athpgid=AthenaContentPage_1735450&athcgid=null&athznid=ItemCarousel_72a19634-0dce-40f8-8bc2-6486c2029e44_items&athieid=v0&athstid=CS020&athguid=vLkMe8NDc0wS05-Nz1X01XxvU66TSWQyeQ3O&athancid=null&athena=true&athbdg=L1600","Danimals Smoothie Strawberry Explosion Dairy Drink, 3.1 OZ, 6 Ct", "https://i5.walmartimages.com/asr/4b399658-c786-4634-b14d-c432366982ef.6ad458a36379d7f9f9987c9ba6fd731c.jpeg?odnHeight=576&odnWidth=576&odnBg=FFFFFF","Add","$3.32","current price $3.32","","17.8 ¢/fl oz","418","4.6 out of 5 Stars. 418 reviews","Save with","https://i5.walmartimages.com/dfw/63fd9f59-ac39/29c6759d-7f14-49fa-bd3a-b870eb4fb8fb/v1/wplus-icon-blue.svg","Pickup","today","Delivery","today"
"https://www.walmart.com/ip/Pillsbury-Cinnamon-Rolls-with-Original-Icing-Canned-Pastry-Dough-Value-2-Pack-16-Rolls/23511056?athcpid=23511056&athpgid=AthenaContentPage_1735450&athcgid=null&athznid=ItemCarousel_72a19634-0dce-40f8-8bc2-6486c2029e44_items&athieid=v0&athstid=CS020&athguid=vLkMe8NDc0wS05-Nz1X01XxvU66TSWQyeQ3O&athancid=null&athena=true&athbdg=L1600","Pillsbury Cinnamon Rolls with Original Icing, Canned Pastry Dough, Value 2-Pack, 16 Rolls", "https://i5.walmartimages.com/asr/b1d2572a-24d0-4006-923c-ef6fcecdb0b6.bf9b4a50251c3fb7961abc44a43f974f.jpeg?odnHeight=576&odnWidth=576&odnBg=FFFFFF","Add","$5.48","current price $5.48","","22.1 ¢/oz","971","3.8 out of 5 Stars. 971 reviews","Save with","https://i5.walmartimages.com/dfw/63fd9f59-ac39/29c6759d-7f14-49fa-bd3a-b870eb4fb8fb/v1/wplus-icon-blue.svg","Pickup","today","Delivery","today"
"https://www.walmart.com/ip/Great-Value-Dino-Shaped-Chicken-Breast-Nuggets-29-oz-Frozen/5480158892?athcpid=5480158892&athpgid=AthenaContentPage_1735450&athcgid=null&athznid=ItemCarousel_72a19634-0dce-40f8-8bc2-6486c2029e44_items&athieid=v0&athstid=CS020&athguid=vLkMe8NDc0wS05-Nz1X01XxvU66TSWQyeQ3O&athancid=null&athena=true","Great Value Dino Shaped Chicken Breast Nuggets, 29 oz. (Frozen)","","https://i5.walmartimages.com/asr/488012b7-5677-4862-9a79-898c33dda3d1.3d1a5b01794322fc9f0da006765bd1f7.jpeg?odnHeight=576&odnWidth=576&odnBg=FFFFFF","Add","$5.97","current price $5.97","","20.6 ¢/oz","","","Save with","https://i5.walmartimages.com/dfw/63fd9f59-ac39/29c6759d-7f14-49fa-bd3a-b870eb4fb8fb/v1/wplus-icon-blue.svg","Pickup","today","Delivery","today"
"https://www.walmart.com/ip/Kid-Cuisine-All-Star-Nuggets-Macaroni-and-Cheese-Corn-Brownie-Frozen-Meal-8-8-oz-Frozen/10794578?athcpid=10794578&athpgid=AthenaContentPage_1735450&athcgid=null&athznid=ItemCarousel_72a19634-0dce-40f8-8bc2-6486c2029e44_items&athieid=v0&athstid=CS020&athguid=vLkMe8NDc0wS05-Nz1X01XxvU66TSWQyeQ3O&athancid=null&athena=true","Kid Cuisine All Star Nuggets, Macaroni and Cheese, Corn & Brownie Frozen Meal, 8.8 oz (Frozen)","","https://i5.walmartimages.com/asr/4353e3b4-461e-432d-862b-d5adeb4bc237.b6d66a1e06f029cbb3a8537644bfcf46.jpeg?odnHeight=576&odnWidth=576&odnBg=FFFFFF","Add","$2.73","current price $2.73","","31.0 ¢/oz","65","2.9 out of 5 Stars. 65 reviews","Save with","https://i5.walmartimages.com/dfw/63fd9f59-ac39/29c6759d-7f14-49fa-bd3a-b870eb4fb8fb/v1/wplus-icon-blue.svg","Pickup","today","Delivery","today"
"https://www.walmart.com/ip/Welch-s-Fruit-Snacks-Mixed-Fruit-0-8-oz-22-Count/1422855635?athcpid=1422855635&athpgid=AthenaContentPage_1735450&athcgid=null&athznid=ItemCarousel_72a19634-0dce-40f8-8bc2-6486c2029e44_items&athieid=v0&athstid=CS020&athguid=vLkMe8NDc0wS05-Nz1X01XxvU66TSWQyeQ3O&athancid=null&athena=true&athbdg=L1600","Welch’s Fruit Snacks, Mixed Fruit, 0.8 oz, 22 Count", "https://i5.walmartimages.com/asr/c272118f-04e4-4df7-80d6-7524283d73bd.30c90db975c614755051a59b7db79bb9.jpeg?odnHeight=576&odnWidth=576&odnBg=FFFFFF","Add","Now $5.12","current price Now $5.12","Was $5.74","29.1 ¢/oz","341","4.6 out of 5 Stars. 341 reviews","Save with","https://i5.walmartimages.com/dfw/63fd9f59-ac39/29c6759d-7f14-49fa-bd3a-b870eb4fb8fb/v1/wplus-icon-blue.svg","Pickup","today","Delivery","today"
"https://www.walmart.com/ip/Frito-Lay-Doritos-Cheetos-Mix-Variety-Pack-Snack-Chips-18-Count-Multipack/626551848?athcpid=626551848&athpgid=AthenaContentPage_1735450&athcgid=null&athznid=ItemCarousel_72a19634-0dce-40f8-8bc2-6486c2029e44_items&athieid=v0&athstid=CS020&athguid=vLkMe8NDc0wS05-Nz1X01XxvU66TSWQyeQ3O&athancid=null&athena=true&athbdg=L1600","Frito-Lay Doritos & Cheetos Mix Variety Pack Snack Chips, 18 Count Multipack", "https://i5.walmartimages.com/seo/Frito-Lay-Doritos-Cheetos-Mix-Variety-Pack-Snack-Chips-18-Count-Multipack_dedd73e1-aa1a-473c-8368-52362730002f.c8a4051d27a6ae42f44f6fe37c514df6.jpeg?odnHeight=576&odnWidth=576&odnBg=FFFFFF","","","","","","560","2.7 out of 5 Stars. 560 reviews","Save with","https://i5.walmartimages.com/dfw/63fd9f59-ac39/29c6759d-7f14-49fa-bd3a-b870eb4fb8fb/v1/wplus-icon-blue.svg","Pickup","today","Delivery","today"
"https://www.walmart.com/ip/Honey-Nut-Cheerios-Heart-Healthy-Gluten-Free-Breakfast-Cereal-10-8oz/944068996?athcpid=944068996&athpgid=AthenaContentPage_1735450&athcgid=null&athznid=ItemCarousel_72a19634-0dce-40f8-8bc2-6486c2029e44_items&athieid=v0&athstid=CS020&athguid=vLkMe8NDc0wS05-Nz1X01XxvU66TSWQyeQ3O&athancid=null&athena=true&athbdg=L1600","Honey Nut Cheerios Heart Healthy Gluten Free Breakfast Cereal, 10.8oz", "https://i5.walmartimages.com/asr/0bedea68-c19b-4783-b224-51e0c03e91fa.18d08896ee4e818f9fa56419d93ea062.jpeg?odnHeight=576&odnWidth=576&odnBg=FFFFFF","Add","$3.68","current price $3.68","","34.1 ¢/oz","3654","4.8 out of 5 Stars. 3654 reviews","Save with","https://i5.walmartimages.com/dfw/63fd9f59-ac39/29c6759d-7f14-49fa-bd3a-b870eb4fb8fb/v1/wplus-icon-blue.svg","Pickup","today","Delivery","today"
"https://www.walmart.com/ip/Great-Value-Original-Strawberry-Banana-Lowfat-Yogurt-6-oz-Cups-4-Count/16778159?athcpid=16778159&athpgid=AthenaContentPage_1735450&athcgid=null&athznid=ItemCarousel_72a19634-0dce-40f8-8bc2-6486c2029e44_items&athieid=v0&athstid=CS020&athguid=vLkMe8NDc0wS05-Nz1X01XxvU66TSWQyeQ3O&athancid=null&athena=true","Great Value Original Strawberry Banana Lowfat Yogurt, 6 oz Cups, 4 Count","","https://i5.walmartimages.com/asr/32beea4e-78f2-4048-b653-109fb4fbba44.71041f59ab7d00cca1296119bdcf4b3d.jpeg?odnHeight=576&odnWidth=576&odnBg=FFFFFF","Add","$2.38","current price $2.38","","9.9 ¢/oz","266","4 out of 5 Stars. 266 reviews","Save with","https://i5.walmartimages.com/dfw/63fd9f59-ac39/29c6759d-7f14-49fa-bd3a-b870eb4fb8fb/v1/wplus-icon-blue.svg","Pickup","today","Delivery","today"
"https://www.walmart.com/ip/Great-Value-Fresh-Seal-Double-Zipper-Sandwich-Bags-100-Count/11030057?athcpid=11030057&athpgid=AthenaContentPage_1735450&athcgid=null&athznid=ItemCarousel_d4faed20-c67b-4b4e-9a3a-4dd718dc2fd1_items&athieid=v0&athstid=CS020&athguid=vLkMe8NDc0wS05-Nz1X01XxvU66TSWQyeQ3O&athancid=null&athena=true&athbdg=L1600","Great Value Fresh Seal Double Zipper Sandwich Bags, 100 Count", "https://i5.walmartimages.com/asr/b1302ef9-9643-4b9b-9da6-4f1a4b3f2c40.ffa805bedc28f0b1c1e401ac8ffdbf8e.jpeg?odnHeight=576&odnWidth=576&odnBg=FFFFFF","Add","$2.38","current price $2.38","","2.4 ¢/count","15791","4.7 out of 5 Stars. 15791 reviews","Save with","https://i5.walmartimages.com/dfw/63fd9f59-ac39/29c6759d-7f14-49fa-bd3a-b870eb4fb8fb/v1/wplus-icon-blue.svg","Pickup","today","Delivery","today"
"https://www.walmart.com/ip/Great-Value-Fresh-Seal-Zipper-Square-Snack-Bags-100-Count/55126599?athcpid=55126599&athpgid=AthenaContentPage_1735450&athcgid=null&athznid=ItemCarousel_d4faed20-c67b-4b4e-9a3a-4dd718dc2fd1_items&athieid=v0&athstid=CS020&athguid=vLkMe8NDc0wS05-Nz1X01XxvU66TSWQyeQ3O&athancid=null&athena=true&athbdg=L1600","Great Value Fresh Seal Zipper Square Snack Bags, 100 Count", "https://i5.walmartimages.com/asr/6dfac002-b63f-48a3-a95f-3c45b4306404.834877a3f7baeee48e342a85f346b8b0.jpeg?odnHeight=576&odnWidth=576&odnBg=FFFFFF","Add","$2.38","current price $2.38","","2.4 ¢/count","4235","4.8 out of 5 Stars. 4235 reviews","Save with","https://i5.walmartimages.com/dfw/63fd9f59-ac39/29c6759d-7f14-49fa-bd3a-b870eb4fb8fb/v1/wplus-icon-blue.svg","Pickup","today","Delivery","today"
"https://www.walmart.com/ip/Clorox-Bleach-Free-Disinfecting-and-Cleaning-Wipes-Crisp-Lemon-75-Count/12443826?athcpid=12443826&athpgid=AthenaContentPage_1735450&athcgid=null&athznid=ItemCarousel_d4faed20-c67b-4b4e-9a3a-4dd718dc2fd1_items&athieid=v0&athstid=CS020&athguid=vLkMe8NDc0wS05-Nz1X01XxvU66TSWQyeQ3O&athancid=null&athena=true","Clorox Bleach-Free Disinfecting and Cleaning Wipes, Crisp Lemon, 75 Count","","https://i5.walmartimages.com/asr/c3d367ef-be17-43dd-8014-3c3d2d7b12cc.5288b6d58c5deca8d4491fc8f1f84189.jpeg?odnHeight=576&odnWidth=576&odnBg=FFFFFF","Add","$5.52","current price $5.52","","$7.36/100 ct","38185","4.8 out of 5 Stars. 38185 reviews","Save with","https://i5.walmartimages.com/dfw/63fd9f59-ac39/29c6759d-7f14-49fa-bd3a-b870eb4fb8fb/v1/wplus-icon-blue.svg","Pickup","today","Delivery","today"
"https://www.walmart.com/ip/Kleenex-On-the-Go-Facial-Tissues-8-On-the-Go-Packs/21560290?athcpid=21560290&athpgid=AthenaContentPage_1735450&athcgid=null&athznid=ItemCarousel_d4faed20-c67b-4b4e-9a3a-4dd718dc2fd1_items&athieid=v0&athstid=CS020&athguid=vLkMe8NDc0wS05-Nz1X01XxvU66TSWQyeQ3O&athancid=null&athena=true&athbdg=L1600","Kleenex On-the-Go Facial Tissues, 8 On-the-Go Packs", "https://i5.walmartimages.com/seo/Kleenex-On-the-Go-Facial-Tissues-8-On-the-Go-Packs_491cb653-95fa-4252-be32-8008a8ab3f49.be00fc2b4c29af344926cd1a4606c48e.jpeg?odnHeight=576&odnWidth=576&odnBg=FFFFFF","Add","$2.74","current price $2.74","","$3.43/100 ct","8121","4.7 out of 5 Stars. 8121 reviews","Save with","https://i5.walmartimages.com/dfw/63fd9f59-ac39/29c6759d-7f14-49fa-bd3a-b870eb4fb8fb/v1/wplus-icon-blue.svg","Pickup","today","Delivery","today"
"https://www.walmart.com/ip/Great-Value-Everyday-Disposable-Plastic-Party-Cups-Red-18-oz-50-Count/15570984?athcpid=15570984&athpgid=AthenaContentPage_1735450&athcgid=null&athznid=ItemCarousel_d4faed20-c67b-4b4e-9a3a-4dd718dc2fd1_items&athieid=v0&athstid=CS020&athguid=vLkMe8NDc0wS05-Nz1X01XxvU66TSWQyeQ3O&athancid=null&athena=true&athbdg=L1600","Great Value Everyday Disposable Plastic Party Cups, Red, 18 oz, 50 Count", "https://i5.walmartimages.com/asr/41015c79-4575-44be-91e6-8fe9a4b58e10.4936e9221ac6f3fb8d737ee78f091fda.jpeg?odnHeight=576&odnWidth=576&odnBg=FFFFFF","Add","Now $3.98","current price Now $3.98","Was $5.18","$7.96/100 ct","6876","4.7 out of 5 Stars. 6876 reviews","Save with","https://i5.walmartimages.com/dfw/63fd9f59-ac39/29c6759d-7f14-49fa-bd3a-b870eb4fb8fb/v1/wplus-icon-blue.svg","Pickup","today","Delivery","today"
"https://www.walmart.com/ip/Great-Value-3-Compartment-Hinged-Container-Compostable-Bagasse-White-12ct/5109312393?athcpid=5109312393&athpgid=AthenaContentPage_1735450&athcgid=null&athznid=ItemCarousel_d4faed20-c67b-4b4e-9a3a-4dd718dc2fd1_items&athieid=v0&athstid=CS020&athguid=vLkMe8NDc0wS05-Nz1X01XxvU66TSWQyeQ3O&athancid=null&athena=true","Great Value 3 Compartment Hinged Container, Compostable Bagasse, White, 12ct","","https://i5.walmartimages.com/seo/Great-Value-3-Compartment-Hinged-Container-Compostable-Bagasse-White-12ct_e47494d6-542f-40cb-aaf3-ddc046dd1b21.ef12a30592e6a8231caccabb2d23d071.jpeg?odnHeight=576&odnWidth=576&odnBg=FFFFFF","Add","$3.48","current price $3.48","","$29.00/100 ct","104","4.3 out of 5 Stars. 104 reviews","Save with","https://i5.walmartimages.com/dfw/63fd9f59-ac39/29c6759d-7f14-49fa-bd3a-b870eb4fb8fb/v1/wplus-icon-blue.svg","Pickup","today","Delivery","today"
"https://www.walmart.com/ip/Dixie-Ultra-Compostable-Paper-Bowls-20-Ounce-50-Count-Multicolor-Disposable-Bowls/5127938446?athcpid=5127938446&athpgid=AthenaContentPage_1735450&athcgid=null&athznid=ItemCarousel_d4faed20-c67b-4b4e-9a3a-4dd718dc2fd1_items&athieid=v0&athstid=CS020&athguid=vLkMe8NDc0wS05-Nz1X01XxvU66TSWQyeQ3O&athancid=null&athena=true&athbdg=L1600","Dixie Ultra Disposable Compostable Paper Bowls, Multicolor, 20 Ounce, 50 Count", "https://i5.walmartimages.com/asr/37509159-2af7-4196-b853-7f7ff7b2980f.88dfee426dfa61b87161e95e83cbfc4f.jpeg?odnHeight=576&odnWidth=576&odnBg=FFFFFF","","$6.28","current price $6.28","","","2172","4.8 out of 5 Stars. 2172 reviews","Save with","https://i5.walmartimages.com/dfw/63fd9f59-ac39/29c6759d-7f14-49fa-bd3a-b870eb4fb8fb/v1/wplus-icon-blue.svg","Pickup","today","Delivery","today"
"https://www.walmart.com/ip/Kleenex-Ultra-Soft-Facial-Tissues-4-Flat-Boxes/412968457?athcpid=412968457&athpgid=AthenaContentPage_1735450&athcgid=null&athznid=ItemCarousel_d4faed20-c67b-4b4e-9a3a-4dd718dc2fd1_items&athieid=v0&athstid=CS020&athguid=vLkMe8NDc0wS05-Nz1X01XxvU66TSWQyeQ3O&athancid=null&athena=true","Kleenex Ultra Soft Facial Tissues, 4 Flat Boxes","","https://i5.walmartimages.com/asr/3496d8f8-3f19-41bd-a8e5-2099fa863b98.7c1d5b36792147c9806d59c83c355a41.jpeg?odnHeight=576&odnWidth=576&odnBg=FFFFFF","Add","$6.98","current price $6.98","","$1.45/100 ct","12906","4.7 out of 5 Stars. 12906 reviews","Save with","https://i5.walmartimages.com/dfw/63fd9f59-ac39/29c6759d-7f14-49fa-bd3a-b870eb4fb8fb/v1/wplus-icon-blue.svg","Pickup","today","Delivery","today"
"https://www.walmart.com/ip/Hefty-Press-to-Close-Plastic-Bags-for-Food-Storage-XL-Sandwich-Size-100-Count/2384029960?athcpid=2384029960&athpgid=AthenaContentPage_1735450&athcgid=null&athznid=ItemCarousel_d4faed20-c67b-4b4e-9a3a-4dd718dc2fd1_items&athieid=v0&athstid=CS020&athguid=vLkMe8NDc0wS05-Nz1X01XxvU66TSWQyeQ3O&athancid=null&athena=true","Hefty Press to Close Plastic Bags for Food Storage, XL Sandwich Size, 100 Count","","https://i5.walmartimages.com/asr/e116a56a-9dc4-4305-a218-b78391d96d5d.5808e8607ed25dece2b9c14a771fe8c8.jpeg?odnHeight=576&odnWidth=576&odnBg=FFFFFF","Add","$3.38","current price $3.38","","3.4 ¢/count","97","4.7 out of 5 Stars. 97 reviews","Save with","https://i5.walmartimages.com/dfw/63fd9f59-ac39/29c6759d-7f14-49fa-bd3a-b870eb4fb8fb/v1/wplus-icon-blue.svg","Pickup","today","Delivery","today"
"https://www.walmart.com/ip/Glad-ForceFlex-MaxStrength-Tall-Kitchen-Drawstring-Trash-Bags-13-Gallon-Bahama-Bliss-20-Ct/5230531232?athcpid=5230531232&athpgid=AthenaContentPage_1735450&athcgid=null&athznid=ItemCarousel_d4faed20-c67b-4b4e-9a3a-4dd718dc2fd1_items&athieid=v0&athstid=CS020&athguid=vLkMe8NDc0wS05-Nz1X01XxvU66TSWQyeQ3O&athancid=null&athena=true","Glad ForceFlex MaxStrength Tall Kitchen Drawstring Trash Bags, 13 Gallon, Bahama Bliss, 20 Ct","","https://i5.walmartimages.com/asr/8f547f42-d530-43d4-8ed6-ad7850216bb6.058e9e28ec7ee69452d2276b82a73c48.jpeg?odnHeight=576&odnWidth=576&odnBg=FFFFFF","Add","$5.92","current price $5.92","","29.6 ¢/count","988","4.8 out of 5 Stars. 988 reviews","Save with","https://i5.walmartimages.com/dfw/63fd9f59-ac39/29c6759d-7f14-49fa-bd3a-b870eb4fb8fb/v1/wplus-icon-blue.svg","Shipping, arrives","in 2 days","",""
"https://www.walmart.com/ip/Ziploc-Snack-Bags-with-EasyGuide-Texture-100-Count/944578246?athcpid=944578246&athpgid=AthenaContentPage_1735450&athcgid=null&athznid=ItemCarousel_d4faed20-c67b-4b4e-9a3a-4dd718dc2fd1_items&athieid=v0&athstid=CS020&athguid=vLkMe8NDc0wS05-Nz1X01XxvU66TSWQyeQ3O&athancid=null&athena=true&athbdg=L1600","Zplc GnS Snck WM 100ct/12 UN US.", "https://i5.walmartimages.com/seo/Ziploc-Snack-Bags-with-EasyGuide-Texture-100-Count_b3d63172-eca3-4ad3-8f15-8b5f0dc7646e.9a6e3d090e72f650621928fd830a15ab.jpeg?odnHeight=576&odnWidth=576&odnBg=FFFFFF","","","Was $4.70","","","651","4.7 out of 5 Stars. 651 reviews","Save with","https://i5.walmartimages.com/dfw/63fd9f59-ac39/29c6759d-7f14-49fa-bd3a-b870eb4fb8fb/v1/wplus-icon-blue.svg","Pickup","today","Delivery","today"
"https://www.walmart.com/ip/Great-Value-Plastic-Wrap-200-Sq-ft/184907101?athcpid=184907101&athpgid=AthenaContentPage_1735450&athcgid=null&athznid=ItemCarousel_d4faed20-c67b-4b4e-9a3a-4dd718dc2fd1_items&athieid=v0&athstid=CS020&athguid=vLkMe8NDc0wS05-Nz1X01XxvU66TSWQyeQ3O&athancid=null&athena=true&athbdg=L1600","Great Value Plastic Wrap, 200 Sq ft", "https://i5.walmartimages.com/asr/6c386475-c77f-413a-bdbd-794b568b67a8.5b51167370e53d552f50ea5860afa630.jpeg?odnHeight=576&odnWidth=576&odnBg=FFFFFF","Add","$1.97","current price $1.97","","1.0 ¢/sq ft","3677","4.3 out of 5 Stars. 3677 reviews","Save with","https://i5.walmartimages.com/dfw/63fd9f59-ac39/29c6759d-7f14-49fa-bd3a-b870eb4fb8fb/v1/wplus-icon-blue.svg","Pickup","today","Delivery","today"
"https://www.walmart.com/ip/Great-Value-Everyday-Strong-Soak-Proof-Microwave-Safe-Disposable-Paper-Plates-8-375-Patterned-25-Count/2665245427?athcpid=2665245427&athpgid=AthenaContentPage_1735450&athcgid=null&athznid=ItemCarousel_d4faed20-c67b-4b4e-9a3a-4dd718dc2fd1_items&athieid=v0&athstid=CS020&athguid=vLkMe8NDc0wS05-Nz1X01XxvU66TSWQyeQ3O&athancid=null&athena=true","Great Value Everyday Paper Plate, 8.5"", 25ct, Patterned","","https://i5.walmartimages.com/asr/07f4609f-036b-4484-a137-29f31b4a9880.31a4ebee9510c0176fb5e508cd10c5f0.jpeg?odnHeight=576&odnWidth=576&odnBg=FFFFFF","Add","$1.72","current price $1.72","","$6.88/100 ct","1141","4.6 out of 5 Stars. 1141 reviews","Save with","https://i5.walmartimages.com/dfw/63fd9f59-ac39/29c6759d-7f14-49fa-bd3a-b870eb4fb8fb/v1/wplus-icon-blue.svg","Pickup","today","Delivery","today"
"https://www.walmart.com/ip/Great-Value-Disposable-Compostable-Forks-Residential-Single-Use-White-24-Count-Pack/2259211771?athcpid=2259211771&athpgid=AthenaContentPage_1735450&athcgid=null&athznid=ItemCarousel_d4faed20-c67b-4b4e-9a3a-4dd718dc2fd1_items&athieid=v0&athstid=CS020&athguid=vLkMe8NDc0wS05-Nz1X01XxvU66TSWQyeQ3O&athancid=null&athena=true","Great Value Disposable Compostable Forks, Residential Single Use, White, 24 Count Pack","","https://i5.walmartimages.com/asr/4b22d422-de9c-4abd-a2e5-6298524a9062.d7700fe1cdb1bf988af294272f75c386.png?odnHeight=576&odnWidth=576&odnBg=FFFFFF","Add","$1.48","current price $1.48","","$6.17/100 ct","131","4.2 out of 5 Stars. 131 reviews","Save with","https://i5.walmartimages.com/dfw/63fd9f59-ac39/29c6759d-7f14-49fa-bd3a-b870eb4fb8fb/v1/wplus-icon-blue.svg","Pickup","today","Delivery","today"
"https://www.walmart.com/ip/Puffs-Ultra-Soft-Facial-Tissues-2-Family-Size-Box-Purple-124-Facial-Tissues-per-Box/999719483?athcpid=999719483&athpgid=AthenaContentPage_1735450&athcgid=null&athznid=ItemCarousel_d4faed20-c67b-4b4e-9a3a-4dd718dc2fd1_items&athieid=v0&athstid=CS020&athguid=vLkMe8NDc0wS05-Nz1X01XxvU66TSWQyeQ3O&athancid=null&athena=true","Puffs Ultra Soft Facial Tissues, 2 Family Size Box, Purple, 124 Facial Tissues per Box","","https://i5.walmartimages.com/seo/Puffs-Ultra-Soft-Facial-Tissues-2-Family-Size-Box-Purple-124-Facial-Tissues-per-Box_5323be38-d56e-453f-ab4c-71744b5877e4.0d1acd6045348f15fc665a196dc238d5.jpeg?odnHeight=576&odnWidth=576&odnBg=FFFFFF","Add","$3.98","current price $3.98","","$1.61/100 ct","2833","4.4 out of 5 Stars. 2833 reviews","Save with","https://i5.walmartimages.com/dfw/63fd9f59-ac39/29c6759d-7f14-49fa-bd3a-b870eb4fb8fb/v1/wplus-icon-blue.svg","Pickup","today","Delivery","today"
"https://www.walmart.com/ip/all-Liquid-Laundry-Detergent-Free-Clear-for-Sensitive-Skin-88-Fluid-Ounces-58-Loads/710208343?athcpid=710208343&athpgid=AthenaContentPage_1735450&athcgid=null&athznid=ItemCarousel_d4faed20-c67b-4b4e-9a3a-4dd718dc2fd1_items&athieid=v0&athstid=CS020&athguid=vLkMe8NDc0wS05-Nz1X01XxvU66TSWQyeQ3O&athancid=null&athena=true","all Liquid Laundry Detergent, Free Clear for Sensitive Skin, 88 Fluid Ounces, 58 Loads","","https://i5.walmartimages.com/asr/7ddb5b5e-576e-456b-92a1-b25c2272dba3.90362fb306ef5e1acce2b080090da815.jpeg?odnHeight=576&odnWidth=576&odnBg=FFFFFF","Add","$7.97","current price $7.97","","9.1 ¢/fl oz","12827","4.7 out of 5 Stars. 12827 reviews","Save with","https://i5.walmartimages.com/dfw/63fd9f59-ac39/29c6759d-7f14-49fa-bd3a-b870eb4fb8fb/v1/wplus-icon-blue.svg","Pickup","today","Delivery","today"
"https://www.walmart.com/ip/Lysol-Laundry-Sanitizer-Additive-Bacteria-Causing-Laundry-Odor-Eliminator-Detergent-Additive-Crisp-Linen-90oz/818693516?athcpid=818693516&athpgid=AthenaContentPage_1735450&athcgid=null&athznid=ItemCarousel_d4faed20-c67b-4b4e-9a3a-4dd718dc2fd1_items&athieid=v0&athstid=CS020&athguid=vLkMe8NDc0wS05-Nz1X01XxvU66TSWQyeQ3O&athancid=null&athena=true","Lysol Laundry Sanitizer Additive, Bacteria-Causing Laundry Odor Eliminator, Detergent Additive, Crisp Linen, 90oz","","https://i5.walmartimages.com/asr/4ac04241-9792-43c3-b718-4c22c7c713cd.8d8bc127420163839e312beb07989945.jpeg?odnHeight=576&odnWidth=576&odnBg=FFFFFF","Add","$17.45","current price $17.45","","","25","4.4 out of 5 Stars. 25 reviews","","","Shipping, arrives","in 3+ days","",""
"https://www.walmart.com/ip/Microban-24-Hour-Disinfectant-Multi-Surface-Sanitizing-Spray-Citrus-2-Count-2-x-15-fl-oz-Spray/539783651?athcpid=539783651&athpgid=AthenaContentPage_1735450&athcgid=null&athznid=ItemCarousel_d4faed20-c67b-4b4e-9a3a-4dd718dc2fd1_items&athieid=v0&athstid=CS020&athguid=vLkMe8NDc0wS05-Nz1X01XxvU66TSWQyeQ3O&athancid=null&athena=true","Microban 24 Hour Disinfectant Multi-Surface Sanitizing Spray, Citrus, 2 Count, 2 x 15 fl oz Spray","","https://i5.walmartimages.com/asr/1df233a3-ab8b-4d69-b007-9c4f92ac2825.53cdc3f6e9435a8efc1ee4481ae6fdf4.jpeg?odnHeight=576&odnWidth=576&odnBg=FFFFFF","Add","$14.99","current price $14.99","","50.0 ¢/fl oz","686","4.5 out of 5 Stars. 686 reviews","","","Shipping, arrives","in 3+ days","",""
"https://www.walmart.com/ip/Lysol-Disinfectant-Wipes-Bundle-Multi-Surface-Antibacterial-Cleaning-Wipes-For-Disinfecting-Cleaning-contains-x1-Lemon-Lime-Blossom-80ct-Crisp-Linen/764842203?athcpid=764842203&athpgid=AthenaContentPage_1735450&athcgid=null&athznid=ItemCarousel_d4faed20-c67b-4b4e-9a3a-4dd718dc2fd1_items&athieid=v0&athstid=CS020&athguid=vLkMe8NDc0wS05-Nz1X01XxvU66TSWQyeQ3O&athancid=null&athena=true","LYS WPS 3X80CT LMN CL BND","","https://i5.walmartimages.com/seo/Lysol-Disinfectant-Wipes-Bundle-Multi-Surface-Antibacterial-Cleaning-Wipes-For-Disinfecting-Cleaning-contains-x1-Lemon-Lime-Blossom-80ct-Crisp-Linen_304b0a4b-03bf-45e9-b34e-78db530562b0.7e249d40525ecf719cca7b88dfd03800.jpeg?odnHeight=576&odnWidth=576&odnBg=FFFFFF","","","","","","570","4.8 out of 5 Stars. 570 reviews","Save with","https://i5.walmartimages.com/dfw/63fd9f59-ac39/29c6759d-7f14-49fa-bd3a-b870eb4fb8fb/v1/wplus-icon-blue.svg","Pickup","today","Delivery","today"
"https://www.walmart.com/ip/GuruNanda-Oil-Pulling-Mickey-D-with-Coconut-Mint-with-Essential-Oils-Vitamins-D3-E-K2-Natural-Mouthwash-8-oz/591494347?athcpid=591494347&athpgid=AthenaContentPage_1735450&athcgid=null&athznid=ItemCarousel_d8c02356-6ae1-4215-b0b1-ec78da61145e_items&athieid=v0&athstid=CS020&athguid=vLkMe8NDc0wS05-Nz1X01XxvU66TSWQyeQ3O&athancid=null&athena=true","GuruNanda Oil Pulling (Mickey D) with Coconut, Mint with Essential Oils & Vitamins D3,E,K2 - Natural Mouthwash - 8 oz","","https://i5.walmartimages.com/seo/GuruNanda-Oil-Pulling-Mickey-D-with-Coconut-Mint-with-Essential-Oils-Vitamins-D3-E-K2-Natural-Mouthwash-8-oz_5659ee82-af22-4989-bbfd-a82f35b9308d.c64bfe74ea3b30e82f1d388470fb6c3d.jpeg?odnHeight=576&odnWidth=576&odnBg=FFFFFF","","","","","","3722","4.6 out of 5 Stars. 3722 reviews","Save with","https://i5.walmartimages.com/dfw/63fd9f59-ac39/29c6759d-7f14-49fa-bd3a-b870eb4fb8fb/v1/wplus-icon-blue.svg","Pickup","today","Delivery","today"
"https://www.walmart.com/ip/Colgate-360-Whole-Mouth-Clean-Medium-Toothbrush-Adult-Toothbrush-2-Pack/10311661?athcpid=10311661&athpgid=AthenaContentPage_1735450&athcgid=null&athznid=ItemCarousel_d8c02356-6ae1-4215-b0b1-ec78da61145e_items&athieid=v0&athstid=CS020&athguid=vLkMe8NDc0wS05-Nz1X01XxvU66TSWQyeQ3O&athancid=null&athena=true","Colgate 360 Whole Mouth Clean Medium Toothbrush, Adult Toothbrush, 2 Pack","","https://i5.walmartimages.com/seo/Colgate-360-Whole-Mouth-Clean-Medium-Toothbrush-Adult-Toothbrush-2-Pack_636d627a-10e3-4d9c-92c5-006d4dae1013.08a1057d6aad3fe90ea2e4579a1665a7.jpeg?odnHeight=576&odnWidth=576&odnBg=FFFFFF","","","Was $11.01","","","980","4.7 out of 5 Stars. 980 reviews","Save with","https://i5.walmartimages.com/dfw/63fd9f59-ac39/29c6759d-7f14-49fa-bd3a-b870eb4fb8fb/v1/wplus-icon-blue.svg","Pickup","today","Delivery","today"
"https://www.walmart.com/ip/Dove-Deep-Moisture-Nourishing-Long-Lasting-Women-s-Body-Wash-All-Skin-Type-30-6-fl-oz/38260427?athcpid=38260427&athpgid=AthenaContentPage_1735450&athcgid=null&athznid=ItemCarousel_d8c02356-6ae1-4215-b0b1-ec78da61145e_items&athieid=v0&athstid=CS020&athguid=vLkMe8NDc0wS05-Nz1X01XxvU66TSWQyeQ3O&athancid=null&athena=true","Dove Deep Moisture Nourishing Long Lasting Women's Body Wash All Skin Type, 30.6 fl oz","","https://i5.walmartimages.com/seo/Dove-Deep-Moisture-Nourishing-Long-Lasting-Women-s-Body-Wash-All-Skin-Type-30-6-fl-oz_6e135d2c-4eef-48ea-90b7-843fe3691342.b0ebb631d6a7e25cb7520750ce1c1e81.jpeg?odnHeight=576&odnWidth=576&odnBg=FFFFFF","Add","$9.97","current price $9.97","","32.6 ¢/fl oz","16400","4.8 out of 5 Stars. 16400 reviews","Save with","https://i5.walmartimages.com/dfw/63fd9f59-ac39/29c6759d-7f14-49fa-bd3a-b870eb4fb8fb/v1/wplus-icon-blue.svg","Pickup","today","Delivery","today"
"https://www.walmart.com/ip/The-Honey-Pot-Company-Herbal-Regular-Pads-with-Wings-Organic-Cotton-Cover-20-ct/464686239?athcpid=464686239&athpgid=AthenaContentPage_1735450&athcgid=null&athznid=ItemCarousel_d8c02356-6ae1-4215-b0b1-ec78da61145e_items&athieid=v0&athstid=CS020&athguid=vLkMe8NDc0wS05-Nz1X01XxvU66TSWQyeQ3O&athancid=null&athena=true","The Honey Pot Company, Herbal Regular Pads with Wings, Organic Cotton Cover, 20 ct.","","https://i5.walmartimages.com/seo/The-Honey-Pot-Company-Herbal-Regular-Pads-with-Wings-Organic-Cotton-Cover-20-ct_2ca1bfba-17ee-46be-8d58-6f6059dd69c8.c69ee756a337c5efff8342958d725077.png?odnHeight=576&odnWidth=576&odnBg=FFFFFF","","$8.38","current price $8.38","","","772","3.9 out of 5 Stars. 772 reviews","Save with","https://i5.walmartimages.com/dfw/63fd9f59-ac39/29c6759d-7f14-49fa-bd3a-b870eb4fb8fb/v1/wplus-icon-blue.svg","Pickup","today","Delivery","today"
"https://www.walmart.com/ip/TheraBreath-Fresh-Breath-Alcohol-Free-Mouthwash-Mouth-Rinse-for-Adults-Icy-Mint-16-fl-oz/40720833?athcpid=40720833&athpgid=AthenaContentPage_1735450&athcgid=null&athznid=ItemCarousel_d8c02356-6ae1-4215-b0b1-ec78da61145e_items&athieid=v0&athstid=CS020&athguid=vLkMe8NDc0wS05-Nz1X01XxvU66TSWQyeQ3O&athancid=null&athena=true","TheraBreath Fresh Breath Alcohol-Free Mouthwash, Mouth Rinse for Adults, Icy Mint, 16 fl oz","","https://i5.walmartimages.com/asr/b47668a4-e257-405f-8d84-b9edb8936c40.35ec7cebc421d1db51ad0e639bfbc7da.jpeg?odnHeight=576&odnWidth=576&odnBg=FFFFFF","Add","$8.12","current price $8.12","","50.8 ¢/fl oz","7581","4.7 out of 5 Stars. 7581 reviews","Save with","https://i5.walmartimages.com/dfw/63fd9f59-ac39/29c6759d-7f14-49fa-bd3a-b870eb4fb8fb/v1/wplus-icon-blue.svg","Pickup","today","Delivery","today"
"https://www.walmart.com/ip/eos-Shea-Better-Body-Lotion-for-Dry-Skin-Vanilla-Cashmere-16-fl-oz/625527254?athcpid=625527254&athpgid=AthenaContentPage_1735450&athcgid=null&athznid=ItemCarousel_d8c02356-6ae1-4215-b0b1-ec78da61145e_items&athieid=v0&athstid=CS020&athguid=vLkMe8NDc0wS05-Nz1X01XxvU66TSWQyeQ3O&athancid=null&athena=true","eos Shea Better Body Lotion for Dry Skin, Vanilla Cashmere, 16 fl oz","","https://i5.walmartimages.com/asr/1fcba750-23cd-4c32-9b23-50af972577c4.f8a37d4761acb1db4be9162158d8dbfe.png?odnHeight=576&odnWidth=576&odnBg=FFFFFF","Add","$8.98","current price $8.98","","56.1 ¢/fl oz","3601","4.8 out of 5 Stars. 3601 reviews","Save with","https://i5.walmartimages.com/dfw/63fd9f59-ac39/29c6759d-7f14-49fa-bd3a-b870eb4fb8fb/v1/wplus-icon-blue.svg","Pickup","today","Delivery","today"
"https://www.walmart.com/ip/Harry-s-Men-s-Extra-Strength-Anti-Dandruff-2-in-1-Shampoo-and-Conditioner-14-fl-oz/948030118?athcpid=948030118&athpgid=AthenaContentPage_1735450&athcgid=null&athznid=ItemCarousel_d8c02356-6ae1-4215-b0b1-ec78da61145e_items&athieid=v0&athstid=CS020&athguid=vLkMe8NDc0wS05-Nz1X01XxvU66TSWQyeQ3O&athancid=null&athena=true","Harry's Men's Extra-Strength Anti-Dandruff 2-in-1 Shampoo and Conditioner, 14 fl oz","","https://i5.walmartimages.com/asr/3e9e58a8-ed7b-43b2-9a91-20b40868ad78.333fa42f78a7fa7e18de14b1eff2f8ea.jpeg?odnHeight=576&odnWidth=576&odnBg=FFFFFF","Add","$7.98","current price $7.98","","57.0 ¢/fl oz","163","4.8 out of 5 Stars. 163 reviews","Save with","https://i5.walmartimages.com/dfw/63fd9f59-ac39/29c6759d-7f14-49fa-bd3a-b870eb4fb8fb/v1/wplus-icon-blue.svg","Pickup","today","Delivery","today"
"https://www.walmart.com/ip/Billie-Women-s-Razor-Kit-1-Handle-2-x-5-Blade-Refills-Magnetic-Holder-Dreampop-Color/502328174?athcpid=502328174&athpgid=AthenaContentPage_1735450&athcgid=null&athznid=ItemCarousel_d8c02356-6ae1-4215-b0b1-ec78da61145e_items&athieid=v0&athstid=CS020&athguid=vLkMe8NDc0wS05-Nz1X01XxvU66TSWQyeQ3O&athancid=null&athena=true","Billie Women’s Razor Kit, 1 Handle   2 x 5-Blade Refills   Magnetic Holder, Dreampop Color","","https://i5.walmartimages.com/asr/e03b86f0-f6bd-4b0c-bd2b-78196d6606b1.95c679059fb883305b19e0cd4e942cc9.jpeg?odnHeight=576&odnWidth=576&odnBg=FFFFFF","Add","$10.47","current price $10.47","","$10.47/ea","28075","4.3 out of 5 Stars. 28075 reviews","Save with","https://i5.walmartimages.com/dfw/63fd9f59-ac39/29c6759d-7f14-49fa-bd3a-b870eb4fb8fb/v1/wplus-icon-blue.svg","Pickup","today","Delivery","today"
"https://www.walmart.com/ip/Equate-Men-s-5-Blade-Dual-Lubrication-Disposable-Razor-3-Count/276736084?athcpid=276736084&athpgid=AthenaContentPage_1735450&athcgid=null&athznid=ItemCarousel_d8c02356-6ae1-4215-b0b1-ec78da61145e_items&athieid=v0&athstid=CS020&athguid=vLkMe8NDc0wS05-Nz1X01XxvU66TSWQyeQ3O&athancid=null&athena=true","Equate Men's 5 Blade Dual Lubrication Disposable Razor, 3 Count","","https://i5.walmartimages.com/asr/3d4c7975-99cf-40c7-8c9a-b94a75516afb.24c830e14fcaa7e29206165f6ab2fbea.jpeg?odnHeight=576&odnWidth=576&odnBg=FFFFFF","Add","$5.74","current price $5.74","","$1.91/count","840","4.5 out of 5 Stars. 840 reviews","Save with","https://i5.walmartimages.com/dfw/63fd9f59-ac39/29c6759d-7f14-49fa-bd3a-b870eb4fb8fb/v1/wplus-icon-blue.svg","Pickup","today","Delivery","today"
"https://www.walmart.com/ip/Dove-Sensitive-Skin-Long-Lasting-Gentle-Hypoallergenic-Women-s-Body-Wash-30-6-fl-oz/43609091?athcpid=43609091&athpgid=AthenaContentPage_1735450&athcgid=null&athznid=ItemCarousel_d8c02356-6ae1-4215-b0b1-ec78da61145e_items&athieid=v0&athstid=CS020&athguid=vLkMe8NDc0wS05-Nz1X01XxvU66TSWQyeQ3O&athancid=null&athena=true","Dove Sensitive Skin Long Lasting Gentle Hypoallergenic Body Wash, 30.6 fl oz","","https://i5.walmartimages.com/seo/Dove-Sensitive-Skin-Long-Lasting-Gentle-Hypoallergenic-Women-s-Body-Wash-30-6-fl-oz_a11c9b3d-34fd-45be-9abb-c4bf068bf1c8.43e10984dc1e47af878cd06eaebfb0fc.jpeg?odnHeight=576&odnWidth=576&odnBg=FFFFFF","Add","$9.97","current price $9.97","","32.6 ¢/fl oz","10529","4.7 out of 5 Stars. 10529 reviews","Save with","https://i5.walmartimages.com/dfw/63fd9f59-ac39/29c6759d-7f14-49fa-bd3a-b870eb4fb8fb/v1/wplus-icon-blue.svg","Pickup","today","Delivery","today"
"https://www.walmart.com/ip/W-By-Jake-Paul-Body-Wash-Exfoliating-Hydrating-W-Original-18-fl-oz/5427774837?athcpid=5427774837&athpgid=AthenaContentPage_1735450&athcgid=null&athznid=ItemCarousel_d8c02356-6ae1-4215-b0b1-ec78da61145e_items&athieid=v0&athstid=CS020&athguid=vLkMe8NDc0wS05-Nz1X01XxvU66TSWQyeQ3O&athancid=null&athena=true","W By Jake Paul Body Wash - Exfoliating - Hydrating - W Original - 18 fl oz","","https://i5.walmartimages.com/asr/a3a2746e-5546-4c40-9576-f4d9030ccd02.d121789df81ca9b3152cd6cfd7abad20.jpeg?odnHeight=576&odnWidth=576&odnBg=FFFFFF","Add","$7.97","current price $7.97","","44.3 ¢/fl oz","52","5 out of 5 Stars. 52 reviews","Save with","https://i5.walmartimages.com/dfw/63fd9f59-ac39/29c6759d-7f14-49fa-bd3a-b870eb4fb8fb/v1/wplus-icon-blue.svg","Shipping, arrives","tomorrow","",""
"https://www.walmart.com/ip/Lume-Whole-Body-Women-s-Deodorant-Invisible-Cream-Aluminum-Free-Soft-Powder-2-2oz-Tube/2977891274?athcpid=2977891274&athpgid=AthenaContentPage_1735450&athcgid=null&athznid=ItemCarousel_d8c02356-6ae1-4215-b0b1-ec78da61145e_items&athieid=v0&athstid=CS020&athguid=vLkMe8NDc0wS05-Nz1X01XxvU66TSWQyeQ3O&athancid=null&athena=true","Lume Whole Body Women’s Deodorant - Invisible Cream - Aluminum Free - Soft Powder - 2.2oz Tube","","https://i5.walmartimages.com/asr/55d05dc2-c2c3-4b0d-a4c6-3cbe766ca6e4.cb02008a4374a5cf80720bfc1e999e1e.jpeg?odnHeight=576&odnWidth=576&odnBg=FFFFFF","Add","$14.97","current price $14.97","","$6.81/ounces","1522","4.3 out of 5 Stars. 1522 reviews","Save with","https://i5.walmartimages.com/dfw/63fd9f59-ac39/29c6759d-7f14-49fa-bd3a-b870eb4fb8fb/v1/wplus-icon-blue.svg","Pickup","today","Delivery","today"
"https://www.walmart.com/ip/Dove-Men-Care-Whole-Body-Deo-Spray-Men-s-Deodorant-Bamboo-Aloe-4-0-oz/5036832717?athcpid=5036832717&athpgid=AthenaContentPage_1735450&athcgid=null&athznid=ItemCarousel_d8c02356-6ae1-4215-b0b1-ec78da61145e_items&athieid=v0&athstid=CS020&athguid=vLkMe8NDc0wS05-Nz1X01XxvU66TSWQyeQ3O&athancid=null&athena=true","Dove Men  Care Whole Body Deo Spray Men's Deodorant, Bamboo & Aloe 4.0 oz","","https://i5.walmartimages.com/asr/0877fe80-a299-4403-8934-23a5b2273c1d.980808c5c3d14877e64483cacd49ffdc.jpeg?odnHeight=576&odnWidth=576&odnBg=FFFFFF","Add","$11.98","current price $11.98","","$3.00/oz","437","4.5 out of 5 Stars. 437 reviews","Save with","https://i5.walmartimages.com/dfw/63fd9f59-ac39/29c6759d-7f14-49fa-bd3a-b870eb4fb8fb/v1/wplus-icon-blue.svg","Pickup","today","Delivery","today"
"https://www.walmart.com/ip/Native-Body-Wash-Coconut-Vanilla-Sulfate-Free-Paraben-Free-for-Men-and-Women-18-oz/633024831?athcpid=633024831&athpgid=AthenaContentPage_1735450&athcgid=null&athznid=ItemCarousel_d8c02356-6ae1-4215-b0b1-ec78da61145e_items&athieid=v0&athstid=CS020&athguid=vLkMe8NDc0wS05-Nz1X01XxvU66TSWQyeQ3O&athancid=null&athena=true","Native Body Wash, Coconut & Vanilla, Sulfate Free, Paraben Free, for Men and Women, 18 oz","","https://i5.walmartimages.com/asr/7a173f8d-bada-420f-9902-37917d51df9c.cccc33f46d6da3fd9f8e1267dd3d8b5f.jpeg?odnHeight=576&odnWidth=576&odnBg=FFFFFF","Add","$9.97","current price $9.97","","55.4 ¢/fl oz","1524","4.6 out of 5 Stars. 1524 reviews","Save with","https://i5.walmartimages.com/dfw/63fd9f59-ac39/29c6759d-7f14-49fa-bd3a-b870eb4fb8fb/v1/wplus-icon-blue.svg","Pickup","today","Delivery","today"
"https://www.walmart.com/ip/L-Organic-Cotton-Tampons-Regular-Absorbency-30-Ct/424258630?athcpid=424258630&athpgid=AthenaContentPage_1735450&athcgid=null&athznid=ItemCarousel_d8c02356-6ae1-4215-b0b1-ec78da61145e_items&athieid=v0&athstid=CS020&athguid=vLkMe8NDc0wS05-Nz1X01XxvU66TSWQyeQ3O&athancid=null&athena=true","L. Organic Cotton Tampons - Regular Absorbency, 30 Ct","","https://i5.walmartimages.com/seo/L-Organic-Cotton-Tampons-Regular-Absorbency-30-Ct_063ed2f7-88e5-4652-8c78-4f16fa7c9e4d.ed859af1c7cc9f781a81ffc07e6b9c18.jpeg?odnHeight=576&odnWidth=576&odnBg=FFFFFF","","$9.42","current price $9.42","","","3615","4.6 out of 5 Stars. 3615 reviews","Save with","https://i5.walmartimages.com/dfw/63fd9f59-ac39/29c6759d-7f14-49fa-bd3a-b870eb4fb8fb/v1/wplus-icon-blue.svg","Pickup","today","Delivery","today"
"https://www.walmart.com/ip/Tampax-Pearl-Tampons-Trio-Multipack-with-LeakGuard-Braid-Super-Super-Plus-Ultra-Absorbency-Unscented-34-Count/390837645?athcpid=390837645&athpgid=AthenaContentPage_1735450&athcgid=null&athznid=ItemCarousel_d8c02356-6ae1-4215-b0b1-ec78da61145e_items&athieid=v0&athstid=CS020&athguid=vLkMe8NDc0wS05-Nz1X01XxvU66TSWQyeQ3O&athancid=null&athena=true","Tampax Pearl Tampons Trio Multipack, with LeakGuard Braid, Super/Super Plus/Ultra Absorbency, Unscented, 34 Count","","https://i5.walmartimages.com/seo/Tampax-Pearl-Tampons-Trio-Multipack-with-LeakGuard-Braid-Super-Super-Plus-Ultra-Absorbency-Unscented-34-Count_87c7cd08-19cf-4dab-8aee-5e1646c0cb71.666df684464b6268886c49d48cefa1db.jpeg?odnHeight=576&odnWidth=576&odnBg=FFFFFF","","$8.37","current price $8.37","","","1868","4.8 out of 5 Stars. 1868 reviews","Save with","https://i5.walmartimages.com/dfw/63fd9f59-ac39/29c6759d-7f14-49fa-bd3a-b870eb4fb8fb/v1/wplus-icon-blue.svg","Pickup","today","Delivery","today"
"https://www.walmart.com/ip/Freshness-Guaranteed-Fresh-Chicken-Drumsticks-5-lb-Bag/613823324?athcpid=613823324&athpgid=AthenaContentPage_1735450&athcgid=null&athznid=ItemCarousel_2cfe956d-9317-4c1b-b484-5bdf0434c7a6_items&athieid=v0&athstid=CS020&athguid=vLkMe8NDc0wS05-Nz1X01XxvU66TSWQyeQ3O&athancid=null&athena=true&athbdg=L1600","Freshness Guaranteed Fresh Chicken Drumsticks, 5 lb Bag", "https://i5.walmartimages.com/asr/a089bf47-6902-4d59-8105-0b923055d400.987a81247d63e65b3a9c89a8d4097fbf.jpeg?odnHeight=576&odnWidth=576&odnBg=FFFFFF","Add","$5.97","current price $5.97","","$1.19/lb","","","Save with","https://i5.walmartimages.com/dfw/63fd9f59-ac39/29c6759d-7f14-49fa-bd3a-b870eb4fb8fb/v1/wplus-icon-blue.svg","Pickup","today","Delivery","today"
"https://www.walmart.com/ip/HORMEL-GATHERINGS-Salami-and-Olives-with-Cheese-and-Crackers-Deli-Supreme-Party-Plastic-Tray-40-oz/14122442?athcpid=14122442&athpgid=AthenaContentPage_1735450&athcgid=null&athznid=ItemCarousel_2cfe956d-9317-4c1b-b484-5bdf0434c7a6_items&athieid=v0&athstid=CS020&athguid=vLkMe8NDc0wS05-Nz1X01XxvU66TSWQyeQ3O&athancid=null&athena=true","HORMEL GATHERINGS, Salami and Olives with Cheese and Crackers, Deli Supreme Party Plastic Tray, 40 oz","","https://i5.walmartimages.com/asr/348d5efe-7dee-4ea0-a008-bfa11df3ea7a.9f35e1ddc32528309043877ff8a28124.jpeg?odnHeight=576&odnWidth=576&odnBg=FFFFFF","Add","$18.98","current price $18.98","","47.8 ¢/oz","383","4.5 out of 5 Stars. 383 reviews","Save with","https://i5.walmartimages.com/dfw/63fd9f59-ac39/29c6759d-7f14-49fa-bd3a-b870eb4fb8fb/v1/wplus-icon-blue.svg","Pickup","today","Delivery","today"
"https://www.walmart.com/ip/Freshness-Guaranteed-Chocolate-Chip-Bakery-Cookies-14-oz-10-Count/184184305?athcpid=184184305&athpgid=AthenaContentPage_1735450&athcgid=null&athznid=ItemCarousel_2cfe956d-9317-4c1b-b484-5bdf0434c7a6_items&athieid=v0&athstid=CS020&athguid=vLkMe8NDc0wS05-Nz1X01XxvU66TSWQyeQ3O&athancid=null&athena=true&athbdg=L1600","Freshness Guaranteed Chocolate Chip Bakery Cookies, 14 oz, 10 Count", "https://i5.walmartimages.com/asr/b8ff1c98-71aa-4cb8-8cd4-018ab0b2ac50.52b12ed2c82a7d96fe7dd87f10088782.jpeg?odnHeight=576&odnWidth=576&odnBg=FFFFFF","Add","$2.98","current price $2.98","","21.3 ¢/oz","511","3.3 out of 5 Stars. 511 reviews","Save with","https://i5.walmartimages.com/dfw/63fd9f59-ac39/29c6759d-7f14-49fa-bd3a-b870eb4fb8fb/v1/wplus-icon-blue.svg","Pickup","today","Delivery","today"
"https://www.walmart.com/ip/Oscar-Mayer-Classic-Wieners-Hot-Dogs-10-ct-Pack/10292514?athcpid=10292514&athpgid=AthenaContentPage_1735450&athcgid=null&athznid=ItemCarousel_2cfe956d-9317-4c1b-b484-5bdf0434c7a6_items&athieid=v0&athstid=CS020&athguid=vLkMe8NDc0wS05-Nz1X01XxvU66TSWQyeQ3O&athancid=null&athena=true&athbdg=L1600","Oscar Mayer Classic Wieners Hot Dogs, 10 ct Pack", "https://i5.walmartimages.com/asr/d7ffb3f7-2548-4ec6-b737-5867bd7a9a10.52872f618145da0357938f83cbda4d09.jpeg?odnHeight=576&odnWidth=576&odnBg=FFFFFF","Add","$2.98","current price $2.98","","$2.98/lb","1709","4.1 out of 5 Stars. 1709 reviews","Save with","https://i5.walmartimages.com/dfw/63fd9f59-ac39/29c6759d-7f14-49fa-bd3a-b870eb4fb8fb/v1/wplus-icon-blue.svg","Pickup","today","Delivery","today"
"https://www.walmart.com/ip/Marketside-Medium-Cantina-Style-Salsa-16-oz-Fresh/439259695?athcpid=439259695&athpgid=AthenaContentPage_1735450&athcgid=null&athznid=ItemCarousel_2cfe956d-9317-4c1b-b484-5bdf0434c7a6_items&athieid=v0&athstid=CS020&athguid=vLkMe8NDc0wS05-Nz1X01XxvU66TSWQyeQ3O&athancid=null&athena=true&athbdg=L1600","Marketside Medium Cantina Style Salsa, 16 oz Fresh", "https://i5.walmartimages.com/asr/adf3edee-6081-4dc8-a401-1512d7ab629b.5f3575d48e397294b70069d9c6dcfbff.jpeg?odnHeight=576&odnWidth=576&odnBg=FFFFFF","Add","$3.98","current price $3.98","","24.9 ¢/oz","59","3.2 out of 5 Stars. 59 reviews","Save with","https://i5.walmartimages.com/dfw/63fd9f59-ac39/29c6759d-7f14-49fa-bd3a-b870eb4fb8fb/v1/wplus-icon-blue.svg","Pickup","today","Delivery","today"
"https://www.walmart.com/ip/Freshness-Guaranteed-French-Bread-14-oz/46491756?athcpid=46491756&athpgid=AthenaContentPage_1735450&athcgid=null&athznid=ItemCarousel_2cfe956d-9317-4c1b-b484-5bdf0434c7a6_items&athieid=v0&athstid=CS020&athguid=vLkMe8NDc0wS05-Nz1X01XxvU66TSWQyeQ3O&athancid=null&athena=true&athbdg=L1600","Freshness Guaranteed French Bakery Bread Loaf, 14 oz, 1 Count", "https://i5.walmartimages.com/asr/fd51f0c3-4eea-4ff1-8109-7770339b6d85.fdba2ce348744cde3840700f5e33f3d3.jpeg?odnHeight=576&odnWidth=576&odnBg=FFFFFF","Add","Now $1.00","current price Now $1.00","Was $1.47","7.1 ¢/oz","1812","3.1 out of 5 Stars. 1812 reviews","Save with","https://i5.walmartimages.com/dfw/63fd9f59-ac39/29c6759d-7f14-49fa-bd3a-b870eb4fb8fb/v1/wplus-icon-blue.svg","Pickup","today","Delivery","today"
"https://www.walmart.com/ip/Marketside-Organic-Cage-Free-Large-Brown-Eggs-12-Count/48319448?athcpid=48319448&athpgid=AthenaContentPage_1735450&athcgid=null&athznid=ItemCarousel_2cfe956d-9317-4c1b-b484-5bdf0434c7a6_items&athieid=v0&athstid=CS020&athguid=vLkMe8NDc0wS05-Nz1X01XxvU66TSWQyeQ3O&athancid=null&athena=true","Marketside Organic Cage-Free Large Brown Eggs, 12 Count","","https://i5.walmartimages.com/asr/e2477dfd-0b1b-4e7e-954f-ef61c062b592.354241c51d891973046fc628a2a276a1.jpeg?odnHeight=576&odnWidth=576&odnBg=FFFFFF","Add","$4.58","current price $4.58","","38.2 ¢/ea","553","2.5 out of 5 Stars. 553 reviews","Save with","https://i5.walmartimages.com/dfw/63fd9f59-ac39/29c6759d-7f14-49fa-bd3a-b870eb4fb8fb/v1/wplus-icon-blue.svg","Pickup","today","Delivery","today"
"https://www.walmart.com/ip/Fresh-Seedless-Watermelon-Each/44391101?athcpid=44391101&athpgid=AthenaContentPage_1735450&athcgid=null&athznid=ItemCarousel_2cfe956d-9317-4c1b-b484-5bdf0434c7a6_items&athieid=v0&athstid=CS020&athguid=vLkMe8NDc0wS05-Nz1X01XxvU66TSWQyeQ3O&athancid=null&athena=true&athbdg=L1600","Fresh Seedless Watermelon, Each", "https://i5.walmartimages.com/asr/e2ec527d-fe7b-4309-9373-186de34557cf.1c562d1a69a2a8f4cb7b5de8f125fc76.jpeg?odnHeight=576&odnWidth=576&odnBg=FFFFFF","Add","$4.98","current price $4.98","","","5242","1.6 out of 5 Stars. 5242 reviews","Save with","https://i5.walmartimages.com/dfw/63fd9f59-ac39/29c6759d-7f14-49fa-bd3a-b870eb4fb8fb/v1/wplus-icon-blue.svg","Pickup","today","Delivery","today"
"https://www.walmart.com/ip/Freshness-Guaranteed-Original-Potato-Salad-Ready-to-Serve-16-oz-Refrigerated/188899128?athcpid=188899128&athpgid=AthenaContentPage_1735450&athcgid=null&athznid=ItemCarousel_2cfe956d-9317-4c1b-b484-5bdf0434c7a6_items&athieid=v0&athstid=CS020&athguid=vLkMe8NDc0wS05-Nz1X01XxvU66TSWQyeQ3O&athancid=null&athena=true","Freshness Guaranteed Original Potato Salad, Ready to Serve, 16 oz (Refrigerated)","","https://i5.walmartimages.com/asr/04f7fc5b-0c78-44be-b19c-8f257b60991e.92f7fb3b18a9004e0d74b774878d0b06.jpeg?odnHeight=576&odnWidth=576&odnBg=FFFFFF","Add","$3.12","current price $3.12","","19.5 ¢/oz","202","3.5 out of 5 Stars. 202 reviews","Save with","https://i5.walmartimages.com/dfw/63fd9f59-ac39/29c6759d-7f14-49fa-bd3a-b870eb4fb8fb/v1/wplus-icon-blue.svg","Pickup","today","Delivery","today"
"https://www.walmart.com/ip/Fresh-Yellow-Peach-Each/216218066?athcpid=216218066&athpgid=AthenaContentPage_1735450&athcgid=null&athznid=ItemCarousel_2cfe956d-9317-4c1b-b484-5bdf0434c7a6_items&athieid=v0&athstid=CS020&athguid=vLkMe8NDc0wS05-Nz1X01XxvU66TSWQyeQ3O&athancid=null&athena=true&athbdg=L1600","Fresh Yellow Peach, Each", "https://i5.walmartimages.com/asr/f387846e-47eb-470f-a8e6-bcada0848532.64a94b8c68019d577dede8f236d97aa3.jpeg?odnHeight=576&odnWidth=576&odnBg=FFFFFF","Add","Now $0.99","current price Now $0.99","Was $1.74","$1.98/lb","1061","1.7 out of 5 Stars. 1061 reviews","Save with","https://i5.walmartimages.com/dfw/63fd9f59-ac39/29c6759d-7f14-49fa-bd3a-b870eb4fb8fb/v1/wplus-icon-blue.svg","Pickup","today","Delivery","today"
"https://www.walmart.com/ip/Great-Value-Uncooked-Original-Breakfast-Pork-Sausage-Links-12-oz-Package/129692794?athcpid=129692794&athpgid=AthenaContentPage_1735450&athcgid=null&athznid=ItemCarousel_2cfe956d-9317-4c1b-b484-5bdf0434c7a6_items&athieid=v0&athstid=CS020&athguid=vLkMe8NDc0wS05-Nz1X01XxvU66TSWQyeQ3O&athancid=null&athena=true&athbdg=L1600","Great Value Uncooked Original Breakfast Pork Sausage Links 12 oz Package", "https://i5.walmartimages.com/asr/516046eb-1c75-454b-be9a-fea5b2b80e47.12fd5c8ce20bba0e1303e65419038de4.jpeg?odnHeight=576&odnWidth=576&odnBg=FFFFFF","Add","$3.48","current price $3.48","","$4.64/lb","346","2.5 out of 5 Stars. 346 reviews","Save with","https://i5.walmartimages.com/dfw/63fd9f59-ac39/29c6759d-7f14-49fa-bd3a-b870eb4fb8fb/v1/wplus-icon-blue.svg","Pickup","today","Delivery","today"
"https://www.walmart.com/ip/Freshness-Guaranteed-Guacamole-Mild-15-oz-Tub/445237371?athcpid=445237371&athpgid=AthenaContentPage_1735450&athcgid=null&athznid=ItemCarousel_2cfe956d-9317-4c1b-b484-5bdf0434c7a6_items&athieid=v0&athstid=CS020&athguid=vLkMe8NDc0wS05-Nz1X01XxvU66TSWQyeQ3O&athancid=null&athena=true","Freshness Guaranteed Guacamole, Mild, 15 oz Tub","","https://i5.walmartimages.com/asr/29c2f755-97d5-4dbd-afbb-d63311792954.9a1dd1cf3a47812f560f4345acfaa82f.jpeg?odnHeight=576&odnWidth=576&odnBg=FFFFFF","Add","$5.23","current price $5.23","","34.9 ¢/oz","75","3.1 out of 5 Stars. 75 reviews","Save with","https://i5.walmartimages.com/dfw/63fd9f59-ac39/29c6759d-7f14-49fa-bd3a-b870eb4fb8fb/v1/wplus-icon-blue.svg","Pickup","today","Delivery","today"
"https://www.walmart.com/ip/Fresh-Red-Cherries-2-25-lb-Bag/46491694?athcpid=46491694&athpgid=AthenaContentPage_1735450&athcgid=null&athznid=ItemCarousel_2cfe956d-9317-4c1b-b484-5bdf0434c7a6_items&athieid=v0&athstid=CS020&athguid=vLkMe8NDc0wS05-Nz1X01XxvU66TSWQyeQ3O&athancid=null&athena=true","Fresh Red Cherries, 2.25 lb Bag","","https://i5.walmartimages.com/asr/ae909d05-c36d-42f7-bcfe-bcf43201fc73.477cac022ebe2e0acad63c17124ca733.png?odnHeight=576&odnWidth=576&odnBg=FFFFFF","Add","$11.21","current price $11.21","","$4.98/lb","1632","2.4 out of 5 Stars. 1632 reviews","Save with","https://i5.walmartimages.com/dfw/63fd9f59-ac39/29c6759d-7f14-49fa-bd3a-b870eb4fb8fb/v1/wplus-icon-blue.svg","Pickup","today","Delivery","today"
"https://www.walmart.com/ip/Fresh-Cut-and-Harvested-Produce-Asparagus-Bunch/44390952?athcpid=44390952&athpgid=AthenaContentPage_1735450&athcgid=null&athznid=ItemCarousel_2cfe956d-9317-4c1b-b484-5bdf0434c7a6_items&athieid=v0&athstid=CS020&athguid=vLkMe8NDc0wS05-Nz1X01XxvU66TSWQyeQ3O&athancid=null&athena=true&athbdg=L1600","Fresh Cut and Harvested Produce Asparagus, Bunch", "https://i5.walmartimages.com/asr/f762d937-60c5-42d4-88c2-9bcab37c5bbd.85beb0fe32a4fe683efd98a88be6dd76.jpeg?odnHeight=576&odnWidth=576&odnBg=FFFFFF","Add","$3.23","current price $3.23","","","1673","1.7 out of 5 Stars. 1673 reviews","Save with","https://i5.walmartimages.com/dfw/63fd9f59-ac39/29c6759d-7f14-49fa-bd3a-b870eb4fb8fb/v1/wplus-icon-blue.svg","Pickup","today","Delivery","today"
"https://www.walmart.com/ip/Fresh-Strawberries-1-lb-Container/44391605?athcpid=44391605&athpgid=AthenaContentPage_1735450&athcgid=null&athznid=ItemCarousel_2cfe956d-9317-4c1b-b484-5bdf0434c7a6_items&athieid=v0&athstid=CS020&athguid=vLkMe8NDc0wS05-Nz1X01XxvU66TSWQyeQ3O&athancid=null&athena=true&athbdg=L1600","Fresh Strawberries, 1 lb Container", "https://i5.walmartimages.com/asr/b54a64ad-e961-46cf-b60c-bc763716fb0b.a481cdfd237c5ab5438d5c9e90bead07.jpeg?odnHeight=576&odnWidth=576&odnBg=FFFFFF","Add","$2.38","current price $2.38","","14.9 ¢/oz","10188","1.5 out of 5 Stars. 10188 reviews","Save with","https://i5.walmartimages.com/dfw/63fd9f59-ac39/29c6759d-7f14-49fa-bd3a-b870eb4fb8fb/v1/wplus-icon-blue.svg","Pickup","today","Delivery","today"
"https://www.walmart.com/ip/Fresh-Raspberries-12-oz-Container/44390957?athcpid=44390957&athpgid=AthenaContentPage_1735450&athcgid=null&athznid=ItemCarousel_2cfe956d-9317-4c1b-b484-5bdf0434c7a6_items&athieid=v0&athstid=CS020&athguid=vLkMe8NDc0wS05-Nz1X01XxvU66TSWQyeQ3O&athancid=null&athena=true","Fresh Raspberries, 12 oz Container","","https://i5.walmartimages.com/asr/eda41ad1-ca39-45df-ac28-9f2df375156d_1.9d270b612b7896e3a54f48fe48a72b59.jpeg?odnHeight=576&odnWidth=576&odnBg=FFFFFF","Add","$6.74","current price $6.74","","56.2 ¢/oz","1512","1.5 out of 5 Stars. 1512 reviews","Save with","https://i5.walmartimages.com/dfw/63fd9f59-ac39/29c6759d-7f14-49fa-bd3a-b870eb4fb8fb/v1/wplus-icon-blue.svg","Pickup","today","Delivery","today"
"https://www.walmart.com/ip/Fresh-Navel-Orange-Each/162577028?athcpid=162577028&athpgid=AthenaContentPage_1735450&athcgid=null&athznid=ItemCarousel_2cfe956d-9317-4c1b-b484-5bdf0434c7a6_items&athieid=v0&athstid=CS020&athguid=vLkMe8NDc0wS05-Nz1X01XxvU66TSWQyeQ3O&athancid=null&athena=true&athbdg=L1600","Fresh Navel Orange, Each", "https://i5.walmartimages.com/asr/a134f2a1-2bb0-4e5c-a594-f84b63ab5928.22241f295458186b2ba0e4ed7d460d52.jpeg?odnHeight=576&odnWidth=576&odnBg=FFFFFF","Add","Now $0.88","current price Now $0.88","Was $0.98","","1015","2.1 out of 5 Stars. 1015 reviews","Save with","https://i5.walmartimages.com/dfw/63fd9f59-ac39/29c6759d-7f14-49fa-bd3a-b870eb4fb8fb/v1/wplus-icon-blue.svg","Pickup","today","Delivery","today"
"https://www.walmart.com/ip/Marketside-Buffalo-Style-Chicken-Dip-11-oz-Tub-1-Count-Refrigerated/538183292?athcpid=538183292&athpgid=AthenaContentPage_1735450&athcgid=null&athznid=ItemCarousel_2cfe956d-9317-4c1b-b484-5bdf0434c7a6_items&athieid=v0&athstid=CS020&athguid=vLkMe8NDc0wS05-Nz1X01XxvU66TSWQyeQ3O&athancid=null&athena=true","Marketside Buffalo Style Chicken Dip, 11 oz Tub, 1 Count (Refrigerated)","","https://i5.walmartimages.com/asr/2ab39dd5-0607-47e6-b375-49b4bd131fce.c128a3a00680b8efdea8a04ad43501da.jpeg?odnHeight=576&odnWidth=576&odnBg=FFFFFF","Add","$4.84","current price $4.84","","44.0 ¢/oz","82","2.8 out of 5 Stars. 82 reviews","Save with","https://i5.walmartimages.com/dfw/63fd9f59-ac39/29c6759d-7f14-49fa-bd3a-b870eb4fb8fb/v1/wplus-icon-blue.svg","Pickup","today","Delivery","today"
"https://www.walmart.com/ip/Pure-Balance-Chicken-Pea-Recipe-Dry-Dog-Food-Grain-Free-4-lbs/479614775?athcpid=479614775&athpgid=AthenaContentPage_1735450&athcgid=null&athznid=ItemCarousel_8517fed7-cdfd-46a3-8710-f47d9252de35_items&athieid=v0&athstid=CS020&athguid=vLkMe8NDc0wS05-Nz1X01XxvU66TSWQyeQ3O&athancid=null&athena=true","Pure Balance Chicken & Pea Recipe Dry Dog Food, Grain-Free, 4 lbs","","https://i5.walmartimages.com/seo/Pure-Balance-Chicken-Pea-Recipe-Dry-Dog-Food-Grain-Free-4-lbs_ba60a14d-8717-4f84-95e0-5c24da6b0907.5e8ea00183ebd6e4873a946f3bfbfd47.jpeg?odnHeight=576&odnWidth=576&odnBg=FFFFFF","","","","","","48","4.8 out of 5 Stars. 48 reviews","Save with","https://i5.walmartimages.com/dfw/63fd9f59-ac39/29c6759d-7f14-49fa-bd3a-b870eb4fb8fb/v1/wplus-icon-blue.svg","Pickup","today","Delivery","today"
"https://www.walmart.com/ip/Purina-ONE-High-Protein-Dry-Dog-Food-Lamb-and-Rice-Formula-8-lb-Bag/10448985?athcpid=10448985&athpgid=AthenaContentPage_1735450&athcgid=null&athznid=ItemCarousel_8517fed7-cdfd-46a3-8710-f47d9252de35_items&athieid=v0&athstid=CS020&athguid=vLkMe8NDc0wS05-Nz1X01XxvU66TSWQyeQ3O&athancid=null&athena=true","Purina ONE Dry Dog Food Lamb and Rice Formula 8 lb. Bag","","https://i5.walmartimages.com/seo/Purina-ONE-High-Protein-Dry-Dog-Food-Lamb-and-Rice-Formula-8-lb-Bag_adf53beb-cb59-4339-9376-14d4506c0367.2e7446d36bfe77dcf61df07d93fd6354.jpeg?odnHeight=576&odnWidth=576&odnBg=FFFFFF","","","","","","1616","4.8 out of 5 Stars. 1616 reviews","Save with","https://i5.walmartimages.com/dfw/63fd9f59-ac39/29c6759d-7f14-49fa-bd3a-b870eb4fb8fb/v1/wplus-icon-blue.svg","Pickup","today","Delivery","today"
"https://www.walmart.com/ip/PrettyLitter-Cat-Litter-8-lb-Health-Monitoring-Cat-Litter/965673541?athcpid=965673541&athpgid=AthenaContentPage_1735450&athcgid=null&athznid=ItemCarousel_8517fed7-cdfd-46a3-8710-f47d9252de35_items&athieid=v0&athstid=CS020&athguid=vLkMe8NDc0wS05-Nz1X01XxvU66TSWQyeQ3O&athancid=null&athena=true","PrettyLitter Cat Litter - 8 lb Health Monitoring Cat Litter","","https://i5.walmartimages.com/asr/c8f1d7df-7439-4be1-a657-d0f5b114034a.d0b93a58ce7b707928372b449f013113.jpeg?odnHeight=576&odnWidth=576&odnBg=FFFFFF","Add","$27.48","current price $27.48","","$3.44/lb","23440","4.1 out of 5 Stars. 23440 reviews","Save with","https://i5.walmartimages.com/dfw/63fd9f59-ac39/29c6759d-7f14-49fa-bd3a-b870eb4fb8fb/v1/wplus-icon-blue.svg","Pickup","today","Delivery","today"
"https://www.walmart.com/ip/Similac-Sensitive-Powder-Baby-Formula-12-5-oz-Can/14018006?athcpid=14018006&athpgid=AthenaContentPage_1735450&athcgid=null&athznid=ItemCarousel_8517fed7-cdfd-46a3-8710-f47d9252de35_items&athieid=v0&athstid=CS020&athguid=vLkMe8NDc0wS05-Nz1X01XxvU66TSWQyeQ3O&athancid=null&athena=true","Similac Sensitive Powder Baby Formula, 12.5-oz Can","","https://i5.walmartimages.com/seo/Similac-Sensitive-Powder-Baby-Formula-12-5-oz-Can_fc4ec500-6fb4-481d-a4a6-6089e5a9952f.08b60e6fd1aeb3b47d41d129068c6b1e.png?odnHeight=576&odnWidth=576&odnBg=FFFFFF","Add","$19.48","current price $19.48","","$1.56/oz","1354","4.6 out of 5 Stars. 1354 reviews","Save with","https://i5.walmartimages.com/dfw/63fd9f59-ac39/29c6759d-7f14-49fa-bd3a-b870eb4fb8fb/v1/wplus-icon-blue.svg","Pickup","today","Delivery","today"
"https://www.walmart.com/ip/Parents-Choice-Dry-Gentle-Diapers-Size-NB-44-Count-Select-for-More-Options/1529809051?athcpid=1529809051&athpgid=AthenaContentPage_1735450&athcgid=null&athznid=ItemCarousel_8517fed7-cdfd-46a3-8710-f47d9252de35_items&athieid=v0&athstid=CS020&athguid=vLkMe8NDc0wS05-Nz1X01XxvU66TSWQyeQ3O&athancid=null&athena=true&athbdg=L1600","Parent's Choice Dry & Gentle Diapers Size NB, 44 Count (Select for More Options)", "https://i5.walmartimages.com/seo/Parents-Choice-Dry-Gentle-Diapers-Size-NB-44-Count-Select-for-More-Options_9539785a-ba64-41af-9667-f0a872f9208c.4552492d937d104285c4349f5e8bfd81.jpeg?odnHeight=576&odnWidth=576&odnBg=FFFFFF","","","","","","","","Save with","https://i5.walmartimages.com/dfw/63fd9f59-ac39/29c6759d-7f14-49fa-bd3a-b870eb4fb8fb/v1/wplus-icon-blue.svg","Pickup","today","Delivery","today"
"https://www.walmart.com/ip/Tide-PODS-Liquid-Laundry-Detergent-Ultra-Oxi-32-Count/408362440?athcpid=408362440&athpgid=AthenaContentPage_1735450&athcgid=null&athznid=ItemCarousel_8517fed7-cdfd-46a3-8710-f47d9252de35_items&athieid=v0&athstid=CS020&athguid=vLkMe8NDc0wS05-Nz1X01XxvU66TSWQyeQ3O&athancid=null&athena=true","Tide PODS Laundry Detergent Packs, Ultra Oxi, 32 Count","","https://i5.walmartimages.com/seo/Tide-PODS-Liquid-Laundry-Detergent-Ultra-Oxi-32-Count_b8da897b-058f-46c3-9055-8d5c35ecf63e.026c52a4cb03a2d87557c263ae30bb7c.jpeg?odnHeight=576&odnWidth=576&odnBg=FFFFFF","","","","","","215","4.3 out of 5 Stars. 215 reviews","Save with","https://i5.walmartimages.com/dfw/63fd9f59-ac39/29c6759d-7f14-49fa-bd3a-b870eb4fb8fb/v1/wplus-icon-blue.svg","Pickup","today","Delivery","today"
"https://www.walmart.com/ip/Great-Value-Everyday-Strong-Soak-Proof-Microwave-Safe-Disposable-Paper-Plates-8-5-in-Patterned-200-Count/430528502?athcpid=430528502&athpgid=AthenaContentPage_1735450&athcgid=null&athznid=ItemCarousel_8517fed7-cdfd-46a3-8710-f47d9252de35_items&athieid=v0&athstid=CS020&athguid=vLkMe8NDc0wS05-Nz1X01XxvU66TSWQyeQ3O&athancid=null&athena=true&athbdg=L1600","Great Value Everyday Paper Plate, 8.5"", 200ct, Patterned", "https://i5.walmartimages.com/asr/8bf2ab59-2154-44aa-bafc-2854fa886a99.9a44e050d41492235538adad70e68b78.jpeg?odnHeight=576&odnWidth=576&odnBg=FFFFFF","Add","$9.97","current price $9.97","","$4.99/100 ct","14782","4.6 out of 5 Stars. 14782 reviews","Save with","https://i5.walmartimages.com/dfw/63fd9f59-ac39/29c6759d-7f14-49fa-bd3a-b870eb4fb8fb/v1/wplus-icon-blue.svg","Pickup","today","Delivery","today"
"https://www.walmart.com/ip/Great-Value-100-Arabica-French-Dark-Roast-Ground-Coffee-Pods-96-Count/622658570?athcpid=622658570&athpgid=AthenaContentPage_1735450&athcgid=null&athznid=ItemCarousel_8517fed7-cdfd-46a3-8710-f47d9252de35_items&athieid=v0&athstid=CS020&athguid=vLkMe8NDc0wS05-Nz1X01XxvU66TSWQyeQ3O&athancid=null&athena=true&athbdg=L1600","Great Value 100% Arabica French Dark Roast Ground Coffee Pods, 96 Count", "https://i5.walmartimages.com/seo/Great-Value-100-Arabica-French-Dark-Roast-Ground-Coffee-Pods-96-Count_548efee9-654f-4701-a011-2d5c8c6a01bb.dfaaa9a4e16b99711cef0400ee7be4f8.jpeg?odnHeight=576&odnWidth=576&odnBg=FFFFFF","","$24.33","current price $24.33","","","1626","4.7 out of 5 Stars. 1626 reviews","Save with","https://i5.walmartimages.com/dfw/63fd9f59-ac39/29c6759d-7f14-49fa-bd3a-b870eb4fb8fb/v1/wplus-icon-blue.svg","Pickup","today","Delivery","today"
"https://www.walmart.com/ip/Duncan-Hines-Perfectly-Moist-Devil-s-Food-Cake-Mix-15-25-oz/46357047?athcpid=46357047&athpgid=AthenaContentPage_1735450&athcgid=null&athznid=ItemCarousel_8517fed7-cdfd-46a3-8710-f47d9252de35_items&athieid=v0&athstid=CS020&athguid=vLkMe8NDc0wS05-Nz1X01XxvU66TSWQyeQ3O&athancid=null&athena=true&athbdg=L1600","Duncan Hines Perfectly Moist Devil's Food Cake Mix, 15.25 oz", "https://i5.walmartimages.com/asr/83158ea6-cc7c-43b0-a84b-e01583bf7279.81f8c643b2cad1654214aedbeee01246.jpeg?odnHeight=576&odnWidth=576&odnBg=FFFFFF","Add","$1.46","current price $1.46","","9.6 ¢/oz","640","4.3 out of 5 Stars. 640 reviews","Save with","https://i5.walmartimages.com/dfw/63fd9f59-ac39/29c6759d-7f14-49fa-bd3a-b870eb4fb8fb/v1/wplus-icon-blue.svg","Pickup","today","Delivery","today"
"https://www.walmart.com/ip/Always-Discreet-Adult-Incontinence-Underwear-for-Women-L-17-CT/37892486?athcpid=37892486&athpgid=AthenaContentPage_1735450&athcgid=null&athznid=ItemCarousel_8517fed7-cdfd-46a3-8710-f47d9252de35_items&athieid=v0&athstid=CS020&athguid=vLkMe8NDc0wS05-Nz1X01XxvU66TSWQyeQ3O&athancid=null&athena=true&athbdg=L1600","Always Discreet Adult Incontinence Underwear for Women, L, 17 CT", "https://i5.walmartimages.com/seo/Always-Discreet-Adult-Incontinence-Underwear-for-Women-L-17-CT_b4336fef-09d3-4b30-a52b-de0b556d71db.abc34e2b4729f70c1cb1db6d526e3b2a.jpeg?odnHeight=576&odnWidth=576&odnBg=FFFFFF","","","","","","2646","4.5 out of 5 Stars. 2646 reviews","Save with","https://i5.walmartimages.com/dfw/63fd9f59-ac39/29c6759d-7f14-49fa-bd3a-b870eb4fb8fb/v1/wplus-icon-blue.svg","Pickup","today","Delivery","today"
"https://www.walmart.com/ip/Dove-Advanced-Care-Long-Lasting-Women-s-Antiperspirant-Deodorant-Dry-Spray-Cool-Essentials-3-8-oz/39993098?athcpid=39993098&athpgid=AthenaContentPage_1735450&athcgid=null&athznid=ItemCarousel_8517fed7-cdfd-46a3-8710-f47d9252de35_items&athieid=v0&athstid=CS020&athguid=vLkMe8NDc0wS05-Nz1X01XxvU66TSWQyeQ3O&athancid=null&athena=true","Dove Advanced Care Cool Essentials Dry 48HR Deodorant Spray 2 Pack","","https://i5.walmartimages.com/seo/Dove-Advanced-Care-Long-Lasting-Women-s-Antiperspirant-Deodorant-Dry-Spray-Cool-Essentials-3-8-oz_f1d5782a-55c9-4c0b-b64f-26cfd02d155f.8e7d7edc3bb8043095ad444c8b18e229.jpeg?odnHeight=576&odnWidth=576&odnBg=FFFFFF","","$7.97","current price $7.97","","","63393","4.5 out of 5 Stars. 63393 reviews","Save with","https://i5.walmartimages.com/dfw/63fd9f59-ac39/29c6759d-7f14-49fa-bd3a-b870eb4fb8fb/v1/wplus-icon-blue.svg","Pickup","today","Delivery","today"
"https://www.walmart.com/ip/Equate-Fresh-Scent-Flushable-Wipes-5-Resealable-Packs-240-Total-Wipes/873764?athcpid=873764&athpgid=AthenaContentPage_1735450&athcgid=null&athznid=ItemCarousel_8517fed7-cdfd-46a3-8710-f47d9252de35_items&athieid=v0&athstid=CS020&athguid=vLkMe8NDc0wS05-Nz1X01XxvU66TSWQyeQ3O&athancid=null&athena=true&athbdg=L1600","Equate Fresh Scent Flushable Wipes, 5 Resealable Packs (240 Total Wipes)", "https://i5.walmartimages.com/asr/c0b5566c-b2f4-4f2c-a37e-f2d34e22c04c.6638b61edcaec1bacd8d2e3c2db2c246.jpeg?odnHeight=576&odnWidth=576&odnBg=FFFFFF","Add","$6.98","current price $6.98","","$2.91/100 ct","33848","4.7 out of 5 Stars. 33848 reviews","Save with","https://i5.walmartimages.com/dfw/63fd9f59-ac39/29c6759d-7f14-49fa-bd3a-b870eb4fb8fb/v1/wplus-icon-blue.svg","Pickup","today","Delivery","today"
"https://www.walmart.com/ip/Spring-Valley-Calcium-Plus-Vitamin-D-Tablets-Dietary-Supplement-600-mg-250-Count/893256?athcpid=893256&athpgid=AthenaContentPage_1735450&athcgid=null&athznid=ItemCarousel_8517fed7-cdfd-46a3-8710-f47d9252de35_items&athieid=v0&athstid=CS020&athguid=vLkMe8NDc0wS05-Nz1X01XxvU66TSWQyeQ3O&athancid=null&athena=true","Spring Valley Calcium Plus Vitamin D Tablets Dietary Supplement, 600 mg, 250 Count","","https://i5.walmartimages.com/asr/f1b81ddc-24bf-447e-b535-6b44d7e2d6a4.20b0fe30022912ad9d6668f55bf47278.jpeg?odnHeight=576&odnWidth=576&odnBg=FFFFFF","Add","$6.53","current price $6.53","","2.6 ¢/ea","1864","4.8 out of 5 Stars. 1864 reviews","Save with","https://i5.walmartimages.com/dfw/63fd9f59-ac39/29c6759d-7f14-49fa-bd3a-b870eb4fb8fb/v1/wplus-icon-blue.svg","Pickup","today","Delivery","today"
"https://www.walmart.com/ip/Equate-Extra-Strength-Headache-Relief-Caplets-250-mg-100-Count-Twin-Pack/44665730?athcpid=44665730&athpgid=AthenaContentPage_1735450&athcgid=null&athznid=ItemCarousel_8517fed7-cdfd-46a3-8710-f47d9252de35_items&athieid=v0&athstid=CS020&athguid=vLkMe8NDc0wS05-Nz1X01XxvU66TSWQyeQ3O&athancid=null&athena=true&athbdg=L1600","Equate Extra Strength Headache Relief Caplets, 250 mg, 100 Count, Twin Pack", "https://i5.walmartimages.com/asr/a5357ad5-0638-45f2-9416-29773d014b38.2a7c27985800e3abfa43eeaf04d39330.jpeg?odnHeight=576&odnWidth=576&odnBg=FFFFFF","Add","$5.22","current price $5.22","","2.6 ¢/ea","2281","4.9 out of 5 Stars. 2281 reviews","Save with","https://i5.walmartimages.com/dfw/63fd9f59-ac39/29c6759d-7f14-49fa-bd3a-b870eb4fb8fb/v1/wplus-icon-blue.svg","Pickup","today","Delivery","today"
"https://www.walmart.com/ip/Marketside-Fresh-Organic-Bananas-Bunch/51259338?athcpid=51259338&athpgid=AthenaContentPage_1735450&athcgid=null&athznid=ItemCarousel_8517fed7-cdfd-46a3-8710-f47d9252de35_items&athieid=v0&athstid=CS020&athguid=vLkMe8NDc0wS05-Nz1X01XxvU66TSWQyeQ3O&athancid=null&athena=true","Marketside Fresh Organic Bananas, Bunch","","https://i5.walmartimages.com/asr/4b15d1c6-03e7-489b-96cb-7d4b1edeb927.042464e5bc52fa0421f255d04ec525a4.jpeg?odnHeight=576&odnWidth=576&odnBg=FFFFFF","Add","$2.08","current price $2.08","","74.0 ¢/lb","7341","1.8 out of 5 Stars. 7341 reviews","Save with","https://i5.walmartimages.com/dfw/63fd9f59-ac39/29c6759d-7f14-49fa-bd3a-b870eb4fb8fb/v1/wplus-icon-blue.svg","Pickup","today","Delivery","today"
"https://www.walmart.com/ip/Marketside-Organic-Spinach-and-Spring-Mix-Salad-Blend-5-5-oz-Clam-Shell-Fresh/817395859?athcpid=817395859&athpgid=AthenaContentPage_1735450&athcgid=null&athznid=ItemCarousel_8517fed7-cdfd-46a3-8710-f47d9252de35_items&athieid=v0&athstid=CS020&athguid=vLkMe8NDc0wS05-Nz1X01XxvU66TSWQyeQ3O&athancid=null&athena=true","Marketside Organic Spinach and Spring Mix Salad Blend, 5.5 oz Clam Shell, Fresh","","https://i5.walmartimages.com/asr/7ec22820-e1f4-48b4-bb5b-64c1562a0c11.89a925f6a41a8b2175d7d7a7cde58640.jpeg?odnHeight=576&odnWidth=576&odnBg=FFFFFF","Add","$3.13","current price $3.13","","56.9 ¢/oz","","","Save with","https://i5.walmartimages.com/dfw/63fd9f59-ac39/29c6759d-7f14-49fa-bd3a-b870eb4fb8fb/v1/wplus-icon-blue.svg","Pickup","today","Delivery","today"
"https://www.walmart.com/ip/Fresh-Slicing-Tomato-Each/44390971?athcpid=44390971&athpgid=AthenaContentPage_1735450&athcgid=null&athznid=ItemCarousel_bcbc664f-7819-4f1f-8d48-3577994c4af2_items&athieid=v0&athstid=CS020&athguid=vLkMe8NDc0wS05-Nz1X01XxvU66TSWQyeQ3O&athancid=null&athena=true","Fresh Slicing Tomato, Each","","https://i5.walmartimages.com/asr/a1e8e44a-2b82-48ab-9c09-b68420f6954c.04f6e0e87807fc5457f57e3ec0770061.jpeg?odnHeight=576&odnWidth=576&odnBg=FFFFFF","Add","$1.21","current price $1.21","","$1.98/lb","3405","2 out of 5 Stars. 3405 reviews","Save with","https://i5.walmartimages.com/dfw/63fd9f59-ac39/29c6759d-7f14-49fa-bd3a-b870eb4fb8fb/v1/wplus-icon-blue.svg","Pickup","today","Delivery","today"
"https://www.walmart.com/ip/Fresh-Honeydew-Melon-Each/44391113?athcpid=44391113&athpgid=AthenaContentPage_1735450&athcgid=null&athznid=ItemCarousel_bcbc664f-7819-4f1f-8d48-3577994c4af2_items&athieid=v0&athstid=CS020&athguid=vLkMe8NDc0wS05-Nz1X01XxvU66TSWQyeQ3O&athancid=null&athena=true","Fresh Honeydew Melon, Each","","https://i5.walmartimages.com/asr/a7b3bd36-e71d-41aa-9ace-cf70a2bade2b.e880a17b460f81c9ea3b7ec5f49d2d05.jpeg?odnHeight=576&odnWidth=576&odnBg=FFFFFF","Add","$4.28","current price $4.28","","","349","1.9 out of 5 Stars. 349 reviews","Save with","https://i5.walmartimages.com/dfw/63fd9f59-ac39/29c6759d-7f14-49fa-bd3a-b870eb4fb8fb/v1/wplus-icon-blue.svg","Pickup","today","Delivery","today"
"https://www.walmart.com/ip/Fresh-Personal-Watermelon-Each/44390986?athcpid=44390986&athpgid=AthenaContentPage_1735450&athcgid=null&athznid=ItemCarousel_bcbc664f-7819-4f1f-8d48-3577994c4af2_items&athieid=v0&athstid=CS020&athguid=vLkMe8NDc0wS05-Nz1X01XxvU66TSWQyeQ3O&athancid=null&athena=true","Fresh Personal Watermelon, Each","","https://i5.walmartimages.com/asr/14487aaf-d86a-4b46-acaf-7621b90286bb.fb737768267fcdc95c33f355b730ad15.jpeg?odnHeight=576&odnWidth=576&odnBg=FFFFFF","Add","$3.87","current price $3.87","","","2630","1.8 out of 5 Stars. 2630 reviews","Save with","https://i5.walmartimages.com/dfw/63fd9f59-ac39/29c6759d-7f14-49fa-bd3a-b870eb4fb8fb/v1/wplus-icon-blue.svg","Pickup","today","Delivery","today"
"https://www.walmart.com/ip/Fresh-Yellow-Nectarine-Each/44391097?athcpid=44391097&athpgid=AthenaContentPage_1735450&athcgid=null&athznid=ItemCarousel_bcbc664f-7819-4f1f-8d48-3577994c4af2_items&athieid=v0&athstid=CS020&athguid=vLkMe8NDc0wS05-Nz1X01XxvU66TSWQyeQ3O&athancid=null&athena=true","Fresh Yellow Nectarine, Each","","https://i5.walmartimages.com/asr/fdaaa758-fc86-447f-9e45-d8052c8e7197.ec47e536be1e29ff6be9be909ee5079c.jpeg?odnHeight=576&odnWidth=576&odnBg=FFFFFF","Add","$1.19","current price $1.19","","$2.98/lb","1301","1.6 out of 5 Stars. 1301 reviews","Save with","https://i5.walmartimages.com/dfw/63fd9f59-ac39/29c6759d-7f14-49fa-bd3a-b870eb4fb8fb/v1/wplus-icon-blue.svg","Pickup","today","Delivery","today"
"https://www.walmart.com/ip/Fresh-Plum-Each/44391147?athcpid=44391147&athpgid=AthenaContentPage_1735450&athcgid=null&athznid=ItemCarousel_bcbc664f-7819-4f1f-8d48-3577994c4af2_items&athieid=v0&athstid=CS020&athguid=vLkMe8NDc0wS05-Nz1X01XxvU66TSWQyeQ3O&athancid=null&athena=true","Fresh Plum, Each","","https://i5.walmartimages.com/asr/0a5dffd1-b77e-49e3-8ee6-ebc37c949452.f3202fa20364886dfa607ce9223cfb47.jpeg?odnHeight=576&odnWidth=576&odnBg=FFFFFF","Add","$1.00","current price $1.00","","$3.32/lb","1177","1.7 out of 5 Stars. 1177 reviews","Save with","https://i5.walmartimages.com/dfw/63fd9f59-ac39/29c6759d-7f14-49fa-bd3a-b870eb4fb8fb/v1/wplus-icon-blue.svg","Pickup","today","Delivery","today"
"https://www.walmart.com/ip/Marketside-Fresh-Veggie-Grillers-23-oz/37157463?athcpid=37157463&athpgid=AthenaContentPage_1735450&athcgid=null&athznid=ItemCarousel_bcbc664f-7819-4f1f-8d48-3577994c4af2_items&athieid=v0&athstid=CS020&athguid=vLkMe8NDc0wS05-Nz1X01XxvU66TSWQyeQ3O&athancid=null&athena=true","Marketside Fresh Veggie Grillers, 23 oz","","https://i5.walmartimages.com/asr/5811c339-dcb5-4745-a14b-3cfc96489b2e.7473112b378f3fc8e27c30d0e5e4dbfd.jpeg?odnHeight=576&odnWidth=576&odnBg=FFFFFF","Add","$6.98","current price $6.98","","30.3 ¢/ounces","247","1.8 out of 5 Stars. 247 reviews","Save with","https://i5.walmartimages.com/dfw/63fd9f59-ac39/29c6759d-7f14-49fa-bd3a-b870eb4fb8fb/v1/wplus-icon-blue.svg","Pickup","today","Delivery","today"
"https://www.walmart.com/ip/Fresh-Yellow-Squash-Each/44391040?athcpid=44391040&athpgid=AthenaContentPage_1735450&athcgid=null&athznid=ItemCarousel_bcbc664f-7819-4f1f-8d48-3577994c4af2_items&athieid=v0&athstid=CS020&athguid=vLkMe8NDc0wS05-Nz1X01XxvU66TSWQyeQ3O&athancid=null&athena=true","Fresh Yellow Squash, Each","","https://i5.walmartimages.com/asr/cac77957-3d9b-4bd3-bb94-53dbacf7241a.6e34f4c036af69455baa7a228c0eff91.jpeg?odnHeight=576&odnWidth=576&odnBg=FFFFFF","Add","$0.89","current price $0.89","","$1.48/lb","856","1.9 out of 5 Stars. 856 reviews","Save with","https://i5.walmartimages.com/dfw/63fd9f59-ac39/29c6759d-7f14-49fa-bd3a-b870eb4fb8fb/v1/wplus-icon-blue.svg","Pickup","today","Delivery","today"
"https://www.walmart.com/ip/Fresh-Zucchini-Squash-Each/44390947?athcpid=44390947&athpgid=AthenaContentPage_1735450&athcgid=null&athznid=ItemCarousel_bcbc664f-7819-4f1f-8d48-3577994c4af2_items&athieid=v0&athstid=CS020&athguid=vLkMe8NDc0wS05-Nz1X01XxvU66TSWQyeQ3O&athancid=null&athena=true","Fresh Zucchini Squash, Each","","https://i5.walmartimages.com/asr/7d7a2618-ed85-45bd-bf30-11b14b289c34.d484064e9e02e1132b6a3da45c871632.jpeg?odnHeight=576&odnWidth=576&odnBg=FFFFFF","Add","$0.93","current price $0.93","","$1.48/lb","1698","1.9 out of 5 Stars. 1698 reviews","Save with","https://i5.walmartimages.com/dfw/63fd9f59-ac39/29c6759d-7f14-49fa-bd3a-b870eb4fb8fb/v1/wplus-icon-blue.svg","Pickup","today","Delivery","today"
"https://www.walmart.com/ip/Fresh-Sweet-Corn-on-the-Cob-1-each/44391430?athcpid=44391430&athpgid=AthenaContentPage_1735450&athcgid=null&athznid=ItemCarousel_bcbc664f-7819-4f1f-8d48-3577994c4af2_items&athieid=v0&athstid=CS020&athguid=vLkMe8NDc0wS05-Nz1X01XxvU66TSWQyeQ3O&athancid=null&athena=true","Fresh Sweet Corn on the Cob (1 each)","","https://i5.walmartimages.com/asr/d25aab82-5e9a-4f3a-9cd3-d1350c50064b.1c55162f24f36d1a6471590ad314e769.jpeg?odnHeight=576&odnWidth=576&odnBg=FFFFFF","Add","$0.50","current price $0.50","","","2807","2.4 out of 5 Stars. 2807 reviews","Save with","https://i5.walmartimages.com/dfw/63fd9f59-ac39/29c6759d-7f14-49fa-bd3a-b870eb4fb8fb/v1/wplus-icon-blue.svg","Pickup","today","Delivery","today"
"https://www.walmart.com/ip/Sweet-Potatoes-Whole-Fresh-Each-Batata-Mameya/44390964?athcpid=44390964&athpgid=AthenaContentPage_1735450&athcgid=null&athznid=ItemCarousel_bcbc664f-7819-4f1f-8d48-3577994c4af2_items&athieid=v0&athstid=CS020&athguid=vLkMe8NDc0wS05-Nz1X01XxvU66TSWQyeQ3O&athancid=null&athena=true","Sweet Potatoes Whole Fresh, Each (Batata Mameya)","","https://i5.walmartimages.com/asr/1696f72c-2214-4f16-9a53-f737b4039260.5059dac4fe3ac4097e944e7e59ac55b9.jpeg?odnHeight=576&odnWidth=576&odnBg=FFFFFF","Add","$1.67","current price $1.67","","$1.64/lb","1941","1.8 out of 5 Stars. 1941 reviews","Save with","https://i5.walmartimages.com/dfw/63fd9f59-ac39/29c6759d-7f14-49fa-bd3a-b870eb4fb8fb/v1/wplus-icon-blue.svg","Pickup","today","Delivery","today"
"https://www.walmart.com/ip/Fresh-Blueberries-18-oz-Container/161115457?athcpid=161115457&athpgid=AthenaContentPage_1735450&athcgid=null&athznid=ItemCarousel_bcbc664f-7819-4f1f-8d48-3577994c4af2_items&athieid=v0&athstid=CS020&athguid=vLkMe8NDc0wS05-Nz1X01XxvU66TSWQyeQ3O&athancid=null&athena=true","Fresh Blueberries, 18 oz Container","","https://i5.walmartimages.com/asr/66ee489f-0ddc-43b4-99ce-07c0a7bf886e_1.b805f72f3cafb54c77a036a6ab6f4ed4.jpeg?odnHeight=576&odnWidth=576&odnBg=FFFFFF","Add","$3.94","current price $3.94","","21.9 ¢/oz","1329","2.4 out of 5 Stars. 1329 reviews","Save with","https://i5.walmartimages.com/dfw/63fd9f59-ac39/29c6759d-7f14-49fa-bd3a-b870eb4fb8fb/v1/wplus-icon-blue.svg","Pickup","today","Delivery","today"
"https://www.walmart.com/ip/Marketside-Caesar-Salad-Kit-11-55-oz-Bag-Fresh/16935784?athcpid=16935784&athpgid=AthenaContentPage_1735450&athcgid=null&athznid=ItemCarousel_bcbc664f-7819-4f1f-8d48-3577994c4af2_items&athieid=v0&athstid=CS020&athguid=vLkMe8NDc0wS05-Nz1X01XxvU66TSWQyeQ3O&athancid=null&athena=true&athbdg=L1300","Marketside Caesar Salad Kit, 11.55 oz Bag, Fresh","Rollback","https://i5.walmartimages.com/asr/10ecf783-58d3-41bc-ac1f-8793e6a8187f.e82af4d3e5686bacba5cbae52b10ffe2.jpeg?odnHeight=576&odnWidth=576&odnBg=FFFFFF","Add","Now $3.48","current price Now $3.48","Was $3.98","30.3 ¢/oz","","","Save with","https://i5.walmartimages.com/dfw/63fd9f59-ac39/29c6759d-7f14-49fa-bd3a-b870eb4fb8fb/v1/wplus-icon-blue.svg","Pickup","today","Delivery","today"
"https://www.walmart.com/ip/The-Original-Donut-Shop-Iced-Refreshers-Strawberry-A-a-Flavor-K-Cup-Pods-10-Count/5336199225?athcpid=5336199225&athpgid=AthenaContentPage_1735450&athcgid=null&athznid=ItemCarousel_84c2c1b2-76d0-458f-a1a9-514c79fb76cd_items&athieid=v0&athstid=CS020&athguid=vLkMe8NDc0wS05-Nz1X01XxvU66TSWQyeQ3O&athancid=null&athena=true","The Original Donut Shop, Iced Refreshers Strawberry Açaí Flavor K-Cup Pods, 10 Count","","https://i5.walmartimages.com/asr/70efd9fc-278e-4352-a302-6df67ceb84a6.99f9355597f366abfe94baedcafabbb8.jpeg?odnHeight=576&odnWidth=576&odnBg=FFFFFF","Add","$6.98","current price $6.98","","$1.11/oz","309","3.9 out of 5 Stars. 309 reviews","Save with","https://i5.walmartimages.com/dfw/63fd9f59-ac39/29c6759d-7f14-49fa-bd3a-b870eb4fb8fb/v1/wplus-icon-blue.svg","Pickup","today","Delivery","today"
"https://www.walmart.com/ip/Keurig-K-Express-Essentials-Single-Serve-K-Cup-Pod-Coffee-Maker-Black/111488395?athcpid=111488395&athpgid=AthenaContentPage_1735450&athcgid=null&athznid=ItemCarousel_84c2c1b2-76d0-458f-a1a9-514c79fb76cd_items&athieid=v0&athstid=CS020&athguid=vLkMe8NDc0wS05-Nz1X01XxvU66TSWQyeQ3O&athancid=null&athena=true","Keurig K-Express Essentials Single Serve K-Cup Pod Coffee Maker, Black","","https://i5.walmartimages.com/seo/Keurig-K-Express-Essentials-Single-Serve-K-Cup-Pod-Coffee-Maker-Black_76364531-2ac8-43d4-8a26-f9fc0278897f.62279e34402d715fb2f23ffa11925137.jpeg?odnHeight=576&odnWidth=576&odnBg=FFFFFF","","Now $49.00","current price Now $49.00","Was $59.00","","26340","4.4 out of 5 Stars. 26340 reviews","Save with","https://i5.walmartimages.com/dfw/63fd9f59-ac39/29c6759d-7f14-49fa-bd3a-b870eb4fb8fb/v1/wplus-icon-blue.svg","Pickup","today","Delivery","today"
"https://www.walmart.com/ip/Dunkin-Pumpkin-Spice-Flavored-Cold-Brew-Coffee-Concentrate-31-Oz/3580885841?athcpid=3580885841&athpgid=AthenaContentPage_1735450&athcgid=null&athznid=ItemCarousel_84c2c1b2-76d0-458f-a1a9-514c79fb76cd_items&athieid=v0&athstid=CS020&athguid=vLkMe8NDc0wS05-Nz1X01XxvU66TSWQyeQ3O&athancid=null&athena=true","Dunkin Pumpkin Spice Flavored Cold Brew Coffee Concentrate, 31 Oz.","","https://i5.walmartimages.com/seo/Dunkin-Pumpkin-Spice-Flavored-Cold-Brew-Coffee-Concentrate-31-Oz_aa2049ba-8e8e-46c7-901a-1b3113da89ea.9dd4781721491691ce907d33641621c3.jpeg?odnHeight=576&odnWidth=576&odnBg=FFFFFF","","","","","","190","4.1 out of 5 Stars. 190 reviews","Save with","https://i5.walmartimages.com/dfw/63fd9f59-ac39/29c6759d-7f14-49fa-bd3a-b870eb4fb8fb/v1/wplus-icon-blue.svg","Pickup","today","Delivery","today"
"https://www.walmart.com/ip/Starbucks-Arabica-Beans-Caff-Verona-Dark-Roast-Ground-Coffee-12-oz/10294424?athcpid=10294424&athpgid=AthenaContentPage_1735450&athcgid=null&athznid=ItemCarousel_84c2c1b2-76d0-458f-a1a9-514c79fb76cd_items&athieid=v0&athstid=CS020&athguid=vLkMe8NDc0wS05-Nz1X01XxvU66TSWQyeQ3O&athancid=null&athena=true","Starbucks Arabica Beans Caffè Verona, Dark Roast Ground Coffee, 12 oz","","https://i5.walmartimages.com/seo/Starbucks-Arabica-Beans-Caff-Verona-Dark-Roast-Ground-Coffee-12-oz_c724ea33-3216-4c06-9024-747226893c03.30327a9c5212e54ed22d568d5f4d5f42.jpeg?odnHeight=576&odnWidth=576&odnBg=FFFFFF","","","","","","6904","4.6 out of 5 Stars. 6904 reviews","Save with","https://i5.walmartimages.com/dfw/63fd9f59-ac39/29c6759d-7f14-49fa-bd3a-b870eb4fb8fb/v1/wplus-icon-blue.svg","Pickup","today","Delivery","today"
"https://www.walmart.com/ip/24Z-IHOP-ORIGINAL-RETAIL-SYRUP-12/5518229190?athcpid=5518229190&athpgid=AthenaContentPage_1735450&athcgid=null&athznid=ItemCarousel_84c2c1b2-76d0-458f-a1a9-514c79fb76cd_items&athieid=v0&athstid=CS020&athguid=vLkMe8NDc0wS05-Nz1X01XxvU66TSWQyeQ3O&athancid=null&athena=true","IHOP Original Syrup, 24 fl oz Bottle","","https://i5.walmartimages.com/asr/ccea40b1-8778-4ce2-ad2d-bf2b90c0f9a0.c46d0b09fb4b52279715f83b2ecbabff.jpeg?odnHeight=576&odnWidth=576&odnBg=FFFFFF","Add","$3.98","current price $3.98","","16.6 ¢/fl oz","","","Save with","https://i5.walmartimages.com/dfw/63fd9f59-ac39/29c6759d-7f14-49fa-bd3a-b870eb4fb8fb/v1/wplus-icon-blue.svg","Pickup","today","Delivery","today"
"https://www.walmart.com/ip/Great-Value-Complete-Pancake-Waffle-Mix-Buttermilk-32-oz/10314920?athcpid=10314920&athpgid=AthenaContentPage_1735450&athcgid=null&athznid=ItemCarousel_84c2c1b2-76d0-458f-a1a9-514c79fb76cd_items&athieid=v0&athstid=CS020&athguid=vLkMe8NDc0wS05-Nz1X01XxvU66TSWQyeQ3O&athancid=null&athena=true","Great Value Complete Pancake & Waffle Mix, Buttermilk, 32 oz","","https://i5.walmartimages.com/seo/Great-Value-Complete-Pancake-Waffle-Mix-Buttermilk-32-oz_e9af4372-c3f3-4cc1-a9fb-2c70bf7ab786.5e9bcc5b4c5fdad8d2f585d20a533b5f.jpeg?odnHeight=576&odnWidth=576&odnBg=FFFFFF","Add","$1.98","current price $1.98","","6.2 ¢/oz","390","4.4 out of 5 Stars. 390 reviews","Save with","https://i5.walmartimages.com/dfw/63fd9f59-ac39/29c6759d-7f14-49fa-bd3a-b870eb4fb8fb/v1/wplus-icon-blue.svg","Pickup","today","Delivery","today"
"https://www.walmart.com/ip/Dixie-To-Go-Paper-Cups-with-Lids-12-Ounces-20-Count-Multicolor-Insulated-Non-Slip-Grip-Disposable-Cups/2038129414?athcpid=2038129414&athpgid=AthenaContentPage_1735450&athcgid=null&athznid=ItemCarousel_84c2c1b2-76d0-458f-a1a9-514c79fb76cd_items&athieid=v0&athstid=CS020&athguid=vLkMe8NDc0wS05-Nz1X01XxvU66TSWQyeQ3O&athancid=null&athena=true","Dixie To Go Disposable Paper Cups with Lids, 12 oz, Multicolor, Insulated, Non-Slip Grip, 20 Count","","https://i5.walmartimages.com/seo/Dixie-To-Go-Paper-Cups-with-Lids-12-Ounces-20-Count-Multicolor-Insulated-Non-Slip-Grip-Disposable-Cups_59db2c1e-e8e8-44c4-b6c1-4c184d81c20f.0723377de8dd904ecb054cfc955840c8.jpeg?odnHeight=576&odnWidth=576&odnBg=FFFFFF","","$4.78","current price $4.78","","","1773","4.4 out of 5 Stars. 1773 reviews","Save with","https://i5.walmartimages.com/dfw/63fd9f59-ac39/29c6759d-7f14-49fa-bd3a-b870eb4fb8fb/v1/wplus-icon-blue.svg","Pickup","today","Delivery","today"
"https://www.walmart.com/ip/Green-Mountain-Coffee-Roasters-Pumpkin-Spice-Coffee-Keurig-Single-Serve-K-Cup-Pods-Light-Roast-24-Count/178835006?athcpid=178835006&athpgid=AthenaContentPage_1735450&athcgid=null&athznid=ItemCarousel_84c2c1b2-76d0-458f-a1a9-514c79fb76cd_items&athieid=v0&athstid=CS020&athguid=vLkMe8NDc0wS05-Nz1X01XxvU66TSWQyeQ3O&athancid=null&athena=true","Green Mountain Coffee Roasters Pumpkin Spice Coffee, Keurig Single-Serve K-Cup Pods, Light Roast, 24 Count","","https://i5.walmartimages.com/seo/Green-Mountain-Coffee-Roasters-Pumpkin-Spice-Coffee-Keurig-Single-Serve-K-Cup-Pods-Light-Roast-24-Count_2e81d362-9102-4e58-8da8-2473c2d078c8.2d2600a6180c69143d33f5ec38e6184a.jpeg?odnHeight=576&odnWidth=576&odnBg=FFFFFF","","$12.98","current price $12.98","","","2110","4.2 out of 5 Stars. 2110 reviews","Save with","https://i5.walmartimages.com/dfw/63fd9f59-ac39/29c6759d-7f14-49fa-bd3a-b870eb4fb8fb/v1/wplus-icon-blue.svg","Pickup","today","Delivery","today"
"https://www.walmart.com/ip/Keurig-Famous-Favorites-Variety-Pack-Medium-Roast-K-Cup-Coffee-Pods-24-Count/763474983?athcpid=763474983&athpgid=AthenaContentPage_1735450&athcgid=null&athznid=ItemCarousel_84c2c1b2-76d0-458f-a1a9-514c79fb76cd_items&athieid=v0&athstid=CS020&athguid=vLkMe8NDc0wS05-Nz1X01XxvU66TSWQyeQ3O&athancid=null&athena=true","Keurig, Famous Favorites Variety Pack Medium Roast K-Cup Coffee Pods, 24 Count","","https://i5.walmartimages.com/asr/c4aed73a-69a7-49c6-b411-0bb70445af28.fc6d67d8fd8aea76aeadf0027b4c5073.jpeg?odnHeight=576&odnWidth=576&odnBg=FFFFFF","Add","$12.98","current price $12.98","","$1.60/oz","96","4.1 out of 5 Stars. 96 reviews","Save with","https://i5.walmartimages.com/dfw/63fd9f59-ac39/29c6759d-7f14-49fa-bd3a-b870eb4fb8fb/v1/wplus-icon-blue.svg","Pickup","today","Delivery","today"
"https://www.walmart.com/ip/Dixie-To-Go-Paper-Cups-with-Lids-12-Ounces-40-Count-Multicolor-Insulated-Non-Slip-Grip-Disposable-Cups/901127491?athcpid=901127491&athpgid=AthenaContentPage_1735450&athcgid=null&athznid=ItemCarousel_84c2c1b2-76d0-458f-a1a9-514c79fb76cd_items&athieid=v0&athstid=CS020&athguid=vLkMe8NDc0wS05-Nz1X01XxvU66TSWQyeQ3O&athancid=null&athena=true","Dixie To Go Disposable Paper Cups with Lids, 12 oz, Multicolor, Insulated, Non-Slip Grip, 40 Count","","https://i5.walmartimages.com/asr/3a29736a-1783-4ded-b477-b31189ff86b7.64cf6d7d89cfc1c5aca5c472011ce26c.jpeg?odnHeight=576&odnWidth=576&odnBg=FFFFFF","","","","","","2526","4.5 out of 5 Stars. 2526 reviews","Save with","https://i5.walmartimages.com/dfw/63fd9f59-ac39/29c6759d-7f14-49fa-bd3a-b870eb4fb8fb/v1/wplus-icon-blue.svg","Shipping, arrives","tomorrow","",""
"https://www.walmart.com/ip/Green-Mountain-Coffee-Roasters-Southern-Pecan-Light-Roast-K-Cup-Coffee-Pods-24-Count/44701093?athcpid=44701093&athpgid=AthenaContentPage_1735450&athcgid=null&athznid=ItemCarousel_84c2c1b2-76d0-458f-a1a9-514c79fb76cd_items&athieid=v0&athstid=CS020&athguid=vLkMe8NDc0wS05-Nz1X01XxvU66TSWQyeQ3O&athancid=null&athena=true","Green Mountain Coffee Roasters, Southern Pecan Light Roast K-Cup Coffee Pods, 24 Count","","https://i5.walmartimages.com/seo/Green-Mountain-Coffee-Roasters-Southern-Pecan-Light-Roast-K-Cup-Coffee-Pods-24-Count_cda65381-374e-4ff1-9c50-6fa677fbee46.aaf6f0e4b845edcccd744c143c802867.jpeg?odnHeight=576&odnWidth=576&odnBg=FFFFFF","","","Was $16.52","","","128","4.6 out of 5 Stars. 128 reviews","Save with","https://i5.walmartimages.com/dfw/63fd9f59-ac39/29c6759d-7f14-49fa-bd3a-b870eb4fb8fb/v1/wplus-icon-blue.svg","Shipping, arrives","in 3+ days","",""
"https://www.walmart.com/ip/McCafe-ICED-One-Step-French-Vanilla-Latte-K-Cup-Coffee-Pods-10-Count/2695918183?athcpid=2695918183&athpgid=AthenaContentPage_1735450&athcgid=null&athznid=ItemCarousel_84c2c1b2-76d0-458f-a1a9-514c79fb76cd_items&athieid=v0&athstid=CS020&athguid=vLkMe8NDc0wS05-Nz1X01XxvU66TSWQyeQ3O&athancid=null&athena=true","McCafe, ICED One Step French Vanilla Latte K-Cup Coffee Pods, 10 Count","","https://i5.walmartimages.com/seo/McCafe-ICED-One-Step-French-Vanilla-Latte-K-Cup-Coffee-Pods-10-Count_42dfa6c1-2ed1-4b0f-99aa-941e1129f155.08ae0b88e61d54c5e26d3ec7681fc540.jpeg?odnHeight=576&odnWidth=576&odnBg=FFFFFF","","$6.98","current price $6.98","","","1666","4 out of 5 Stars. 1666 reviews","Save with","https://i5.walmartimages.com/dfw/63fd9f59-ac39/29c6759d-7f14-49fa-bd3a-b870eb4fb8fb/v1/wplus-icon-blue.svg","Pickup","today","Delivery","today"
"https://www.walmart.com/ip/Starbucks-French-Roast-Dark-Roast-K-Cup-Coffee-Pods-44-Count-K-Cups/866981433?athcpid=866981433&athpgid=AthenaContentPage_1735450&athcgid=null&athznid=ItemCarousel_84c2c1b2-76d0-458f-a1a9-514c79fb76cd_items&athieid=v0&athstid=CS020&athguid=vLkMe8NDc0wS05-Nz1X01XxvU66TSWQyeQ3O&athancid=null&athena=true","Starbucks French Roast, Dark Roast K-Cup Coffee Pods, 44 Count K Cups","","https://i5.walmartimages.com/seo/Starbucks-French-Roast-Dark-Roast-K-Cup-Coffee-Pods-44-Count-K-Cups_72d8725c-6365-4982-8a87-d3ce86f21cdf.26a4ed8ff1fba9d5ca3eeee6ac7d167e.jpeg?odnHeight=576&odnWidth=576&odnBg=FFFFFF","","","","","","1770","4.6 out of 5 Stars. 1770 reviews","Save with","https://i5.walmartimages.com/dfw/63fd9f59-ac39/29c6759d-7f14-49fa-bd3a-b870eb4fb8fb/v1/wplus-icon-blue.svg","Pickup","today","Delivery","today"










