
"URL","product_name","image_url","mr2","price_dollar","f6 2","price_desciption","price_per_unit","review_count","rating","Additional_Details","gray 3","f7","flex src","f7 2","b","f7 3","b 2","dark-gray"
"https://www.walmart.com/sp/track?bt=1&eventST=click&plmt=sp-search-middle~desktop~&pos=1&tax=976759_9176907_1001469_2181160&rdf=1&rd=https%3A%2F%2Fwww.walmart.com%2Fip%2FTyson-Fully-Cooked-and-Breaded-Chicken-Patties-1-62-lb-Bag-Frozen%2F108931416%3FadsRedirect%3Dtrue&adUid=3ddc5be1-a868-4063-8f3e-729caf8efff4&mloc=sp-search-middle&pltfm=desktop&pgId=groocery&pt=search&spQs=92woI7QH66ZvrtZ1nxR04oKTBkNawtqmLC9MhS5LGuqvTxXtrRNFlkFBibxYkz53BWocQTaPj34-mjA_2f-udzNTkD8HsLE3wU_NpOQjX-zLuhsMUtWgbfmz3H70DWkHDlSyMfMPo2s1JWX9LFX9gA_7ED3ciwbw4W_TvyryjvKLY_CfABXRXIcPcCU4gX4XN2UTE_gxBOGCrtwCz67v7du_EyYACHduL7UN7Wscj4A&storeId=3081&couponState=na&bkt=ace1_default%7Cace2_default%7Cace3_default%7Cbb_ctrl-10700%7Ccoldstart_on%7Csearch_ColdStartv2&/ip/Tyson-Fully-Cooked-and-Breaded-Chicken-Patties-1-62-lb-Bag-Frozen/108931416","Tyson Fully Cooked and Breaded Chicken Patties, 1.62 lb Bag (Frozen)","https://i5.walmartimages.com/seo/Tyson-Fully-Cooked-and-Breaded-Chicken-Patties-1-62-lb-Bag-Frozen_879761c8-e253-4e65-8afa-be783bf19e92.3b5caebcaf74daa53c65c93d2e453b73.jpeg?odnHeight=784&odnWidth=580&odnBg=FFFFFF","Add","6","46","current price $6.46","$3.96/lb","867","3.6 out of 5 Stars. 867 reviews","https://i5.walmartimages.com/dfw/63fd9f59-2845/2044d79e-92d5-4c08-90a2-0480444a877f/v1/EBT-Logo.svg","EBT eligible","Save with","https://i5.walmartimages.com/dfw/63fd9f59-ac39/29c6759d-7f14-49fa-bd3a-b870eb4fb8fb/v1/wplus-icon-blue.svg","Pickup","today","Delivery","today","Subscribe"
"https://www.walmart.com/sp/track?bt=1&eventST=click&plmt=sp-search-middle~desktop~&pos=2&tax=976759_9176907_1001469_2181160&rdf=1&rd=https%3A%2F%2Fwww.walmart.com%2Fip%2FKing-s-Hawaiian-Original-Hawaiian-Sweet-Dinner-Rolls-12-Count-12-Oz%2F10421729%3FadsRedirect%3Dtrue&adUid=3ddc5be1-a868-4063-8f3e-729caf8efff4&mloc=sp-search-middle&pltfm=desktop&pgId=groocery&pt=search&spQs=6T8pIJKmQcijZ2rait1u_612QZ1hFILbRHcCDMa36UMgyqB9h19WBL1F8m1Doia_TknA2dHfSHQxSF-TvV0baj8LBJdPpiuweM0x9gbq8sbEE9l0aaP6AOiIqA6JL8eI6RLxhLr-l6Ndm8riQmXARIT6VmaLHdn92rvP1fyj9LJbTJC01EpGw-nmu3i7Ep6wkWp_6oFq82PTlPU2rak16G7PsNtvbRQ5MfQ0hp5k7Gs&storeId=3081&couponState=na&bkt=ace1_default%7Cace2_default%7Cace3_default%7Cbb_ctrl-10700%7Ccoldstart_on%7Csearch_ColdStartv2&/ip/King-s-Hawaiian-Original-Hawaiian-Sweet-Dinner-Rolls-12-Count-12-Oz/10421729","King's Hawaiian Original Hawaiian Sweet Dinner Rolls, 12 Count, 12 Oz","https://i5.walmartimages.com/seo/King-s-Hawaiian-Original-Hawaiian-Sweet-Dinner-Rolls-12-Count-12-Oz_3dd0c370-49e0-4018-938c-afcc59559dd7.1e5340c56264e3a6aac257c3a8a816a5.jpeg?odnHeight=784&odnWidth=580&odnBg=FFFFFF","","4","68","current price $4.68","39.0 ¢/oz","474","4.6 out of 5 Stars. 474 reviews","https://i5.walmartimages.com/dfw/63fd9f59-2845/2044d79e-92d5-4c08-90a2-0480444a877f/v1/EBT-Logo.svg","EBT eligible","Save with","https://i5.walmartimages.com/dfw/63fd9f59-ac39/29c6759d-7f14-49fa-bd3a-b870eb4fb8fb/v1/wplus-icon-blue.svg","Pickup","today","Delivery","today","Subscribe"
"https://www.walmart.com/sp/track?bt=1&eventST=click&plmt=sp-search-middle~desktop~&pos=3&tax=976759_9176907_1001469_2181160&rdf=1&rd=https%3A%2F%2Fwww.walmart.com%2Fip%2FUncrustables-Peanut-Butter-Grape-Jelly-Sandwich-10-Count-Pack%2F10849748%3Fathbdg%3DL1600%26adsRedirect%3Dtrue&adUid=3ddc5be1-a868-4063-8f3e-729caf8efff4&mloc=sp-search-middle&pltfm=desktop&pgId=groocery&pt=search&spQs=Pvenh0jBAt6dJREhQJv1t1r56tH8Vrx_ACrVkCO9R3ZzIjZpfzp3BLwRjFEZRxt3jY6oyfu3inmFfM3U_S4AnY0sqmnjMNiFBFeAKVAAXJIN7t_R9bKIo19w7KOdOoqjW-gn2UjlIgI1zJ5cfYdz4ZexyLDzXtLD2mLUaUDJ69VX4ahpAux9Qh3U9oEnkwxUrFStnDFmE4yvL64KqG5JvtjoH7Fkas0-NjJ6XSfDXVk&storeId=3081&couponState=na&bkt=ace1_default%7Cace2_default%7Cace3_default%7Cbb_ctrl-10700%7Ccoldstart_on%7Csearch_ColdStartv2&athbdg=L1600","Smucker's Uncrustables Peanut Butter & Grape Jelly Sandwiches, 2 oz, 10 count (Frozen)","https://i5.walmartimages.com/seo/Uncrustables-Peanut-Butter-Grape-Jelly-Sandwich-10-Count-Pack_cf6aaa1e-655f-4985-bab0-fa3ffc7211b6.471594c9d05e30496ca8288f493147d8.jpeg?odnHeight=784&odnWidth=580&odnBg=FFFFFF","Add","9","96","current price $9.96","49.8 ¢/oz","5809","4.6 out of 5 Stars. 5809 reviews","https://i5.walmartimages.com/dfw/63fd9f59-2845/2044d79e-92d5-4c08-90a2-0480444a877f/v1/EBT-Logo.svg","EBT eligible","Save with","https://i5.walmartimages.com/dfw/63fd9f59-ac39/29c6759d-7f14-49fa-bd3a-b870eb4fb8fb/v1/wplus-icon-blue.svg","Pickup","today","Delivery","today","Subscribe"
"https://www.walmart.com/sp/track?bt=1&eventST=click&plmt=sp-search-middle~desktop~&pos=4&tax=976759_9176907_1001469_2181160&rdf=1&rd=https%3A%2F%2Fwww.walmart.com%2Fip%2FHamburger-Helper-Pasta-Cheeseburger-Macaroni-6-6-Ounces-Box%2F5078997439%3FadsRedirect%3Dtrue&adUid=3ddc5be1-a868-4063-8f3e-729caf8efff4&mloc=sp-search-middle&pltfm=desktop&pgId=groocery&pt=search&spQs=9vbg1JcDbhSaGNBmPZdbnB36D6tSMgfcBDlIbTQqvU13HKAlYC8LPJGACkvWyIPtzUZvWum8Lfol9H1QFGBK95AJpuhnmy-bc315ns6lwzWNAR9pvlThuOLRlHMHnkB9eyTrldUKbOxCK8A0Kz7lt1FjnzDrK635NGqvxZlBIAnUbNQcqqoGglTuMh92vLyXZOVKVN7iZqSiPWzY2i5thOqeUkuzemiGjAkJEVPvpWU&storeId=3081&couponState=na&bkt=ace1_default%7Cace2_default%7Cace3_default%7Cbb_ctrl-10700%7Ccoldstart_on%7Csearch_ColdStartv2&/ip/Hamburger-Helper-Pasta-Cheeseburger-Macaroni-6-6-Ounces-Box/5078997439","Hamburger Helper Pasta Cheeseburger Macaroni, 6.6 Ounces Box","https://i5.walmartimages.com/seo/Hamburger-Helper-Pasta-Cheeseburger-Macaroni-6-6-Ounces-Box_41c63d77-297e-47a3-b8be-f46cab8d4707.0ced71af456a84d3ac60f855f2cf791e.jpeg?odnHeight=784&odnWidth=580&odnBg=FFFFFF","Add","1","63","current price Now $1.63","24.7 ¢/oz","1112","4.3 out of 5 Stars. 1112 reviews","https://i5.walmartimages.com/dfw/63fd9f59-2845/2044d79e-92d5-4c08-90a2-0480444a877f/v1/EBT-Logo.svg","EBT eligible","Save with","https://i5.walmartimages.com/dfw/63fd9f59-ac39/29c6759d-7f14-49fa-bd3a-b870eb4fb8fb/v1/wplus-icon-blue.svg","Pickup","today","Delivery","today","Subscribe"
"https://www.walmart.com/ip/Great-Value-Purified-Drinking-Water-16-9-fl-oz-Bottles-40-Count/992524020?athbdg=L1600&from=/search","Great Value Purified Drinking Water, 16.9 fl oz Bottles, 40 Count","https://i5.walmartimages.com/asr/061099c8-2637-49ad-9706-506d42bbe542.33c33902d22157d2c215a61e15fd4a4b.jpeg?odnHeight=784&odnWidth=580&odnBg=FFFFFF","Add","5","63","current price $5.63","0.8 ¢/fl oz","9772","3.4 out of 5 Stars. 9772 reviews","https://i5.walmartimages.com/dfw/63fd9f59-2845/2044d79e-92d5-4c08-90a2-0480444a877f/v1/EBT-Logo.svg","EBT eligible","Save with","https://i5.walmartimages.com/dfw/63fd9f59-ac39/29c6759d-7f14-49fa-bd3a-b870eb4fb8fb/v1/wplus-icon-blue.svg","Pickup","today","Delivery","today","Subscribe"
"https://www.walmart.com/ip/Great-Value-Milk-Whole-Vitamin-D-Gallon-Plastic-Jug/10450114?athbdg=L1600&from=/search","Great Value Whole Vitamin D Milk, Gallon, Plastic, Jug, 128 Fl Oz","https://i5.walmartimages.com/asr/6a7b09b4-f51d-4bea-a01c-85767f1b481a.86876244397d83ce6cdedb030abe6e4a.jpeg?odnHeight=784&odnWidth=580&odnBg=FFFFFF","Add","3","78","current price $3.78","3.0 ¢/fl oz","","","https://i5.walmartimages.com/dfw/63fd9f59-2845/2044d79e-92d5-4c08-90a2-0480444a877f/v1/EBT-Logo.svg","EBT eligible","Save with","https://i5.walmartimages.com/dfw/63fd9f59-ac39/29c6759d-7f14-49fa-bd3a-b870eb4fb8fb/v1/wplus-icon-blue.svg","Pickup","today","Delivery","today","Subscribe"
"https://www.walmart.com/ip/Great-Value-White-Round-Top-Bread-Loaf-20-oz/10315355?athbdg=L1600&from=/search","Great Value White Round Top Bread Loaf, 20 oz","https://i5.walmartimages.com/asr/8e69fca6-dda1-47b1-959c-7ec4d84b0a58.8cae75bc1ffe9c3d1ece768c0e5447a2.jpeg?odnHeight=784&odnWidth=580&odnBg=FFFFFF","Add","1","48","current price $1.48","7.4 ¢/oz","","","https://i5.walmartimages.com/dfw/63fd9f59-2845/2044d79e-92d5-4c08-90a2-0480444a877f/v1/EBT-Logo.svg","EBT eligible","Save with","https://i5.walmartimages.com/dfw/63fd9f59-ac39/29c6759d-7f14-49fa-bd3a-b870eb4fb8fb/v1/wplus-icon-blue.svg","Pickup","today","Delivery","today","Subscribe"
"https://www.walmart.com/ip/Fresh-Banana-Fruit-Each/44390948?athbdg=L1600&from=/search","Fresh Banana Fruit, Each","https://i5.walmartimages.com/asr/5939a6fa-a0d6-431c-88c6-b4f21608e4be.f7cd0cc487761d74c69b7731493c1581.jpeg?odnHeight=784&odnWidth=580&odnBg=FFFFFF","Add","0","24","current price Now $0.24","50.0 ¢/lb","","","https://i5.walmartimages.com/dfw/63fd9f59-2845/2044d79e-92d5-4c08-90a2-0480444a877f/v1/EBT-Logo.svg","EBT eligible","Save with","https://i5.walmartimages.com/dfw/63fd9f59-ac39/29c6759d-7f14-49fa-bd3a-b870eb4fb8fb/v1/wplus-icon-blue.svg","Pickup","today","Delivery","today","Subscribe"
"https://www.walmart.com/ip/Great-Value-Frozen-Broccoli-Florets-12-oz-Steamable-Bag/735585383?athbdg=L1600&from=/search","Great Value Frozen Broccoli Florets, 12 oz Steamable Bag","https://i5.walmartimages.com/asr/c6e47501-d339-4baa-ac33-94518223ff3b.e6736cdc6c8437702d6a2f6db2d243c0.jpeg?odnHeight=784&odnWidth=580&odnBg=FFFFFF","Add","1","16","current price $1.16","9.7 ¢/oz","","","https://i5.walmartimages.com/dfw/63fd9f59-2845/2044d79e-92d5-4c08-90a2-0480444a877f/v1/EBT-Logo.svg","EBT eligible","Save with","https://i5.walmartimages.com/dfw/63fd9f59-ac39/29c6759d-7f14-49fa-bd3a-b870eb4fb8fb/v1/wplus-icon-blue.svg","Pickup","today","Delivery","today","Subscribe"
"https://www.walmart.com/ip/Fresh-Whole-Russet-Potatoes-5lb-bag/10447837?athbdg=L1600&from=/search","Fresh Whole Russet Potatoes , 5lb bag","https://i5.walmartimages.com/asr/39e383c7-abe5-42fa-9078-5d6d0bb5c0d4.8fc19a526bf85bd640d369c4c85a2bf2.jpeg?odnHeight=784&odnWidth=580&odnBg=FFFFFF","Add","3","24","current price $3.24","64.8 ¢/lb","","","https://i5.walmartimages.com/dfw/63fd9f59-2845/2044d79e-92d5-4c08-90a2-0480444a877f/v1/EBT-Logo.svg","EBT eligible","Save with","https://i5.walmartimages.com/dfw/63fd9f59-ac39/29c6759d-7f14-49fa-bd3a-b870eb4fb8fb/v1/wplus-icon-blue.svg","Pickup","today","Delivery","today","Subscribe"
"https://www.walmart.com/sp/track?bt=1&eventST=click&plmt=sp-search-middle~desktop~&pos=12&tax=976759_9176907_1001469_2181160&rdf=1&rd=https%3A%2F%2Fwww.walmart.com%2Fip%2FHamburger-Helper-Pasta-Four-Cheese-Lasagna-5-5-Ounces-Box%2F5141268137%3FadsRedirect%3Dtrue&adUid=3ddc5be1-a868-4063-8f3e-729caf8efff4&mloc=sp-search-middle&pltfm=desktop&pgId=groocery&pt=search&spQs=o-vO3J6a-btl-VZzvq49_ExmCjP9PBmOqUTGOOTAVf93HKAlYC8LPJGACkvWyIPtFgMYsUakF0ThgT8Td--kc987K5VUeRqMCqaHssFtwqNH4ZxDsQfjP22QGbsakokDHkI1iw70mvmfZml7BYztf2eWmOSAgQGK4XSj-2ADQbSLY_CfABXRXIcPcCU4gX4XN2UTE_gxBOGCrtwCz67v7du_EyYACHduL7UN7Wscj4A&storeId=3081&couponState=na&bkt=ace1_default%7Cace2_default%7Cace3_default%7Cbb_ctrl-10700%7Ccoldstart_on%7Csearch_ColdStartv2&/ip/Hamburger-Helper-Pasta-Four-Cheese-Lasagna-5-5-Ounces-Box/5141268137","Hamburger Helper Pasta Four Cheese Lasagna, 5.5 Ounces Box","https://i5.walmartimages.com/seo/Hamburger-Helper-Pasta-Four-Cheese-Lasagna-5-5-Ounces-Box_3dfa7b85-2830-4915-9597-5d1307f4fb28.a6aa6ead0ee23960f3334f6baba27de1.jpeg?odnHeight=784&odnWidth=580&odnBg=FFFFFF","Add","1","63","current price Now $1.63","29.6 ¢/oz","29","2 out of 5 Stars. 29 reviews","https://i5.walmartimages.com/dfw/63fd9f59-2845/2044d79e-92d5-4c08-90a2-0480444a877f/v1/EBT-Logo.svg","EBT eligible","Save with","https://i5.walmartimages.com/dfw/63fd9f59-ac39/29c6759d-7f14-49fa-bd3a-b870eb4fb8fb/v1/wplus-icon-blue.svg","Pickup","today","Delivery","today","Subscribe"
"https://www.walmart.com/ip/All-Natural-80-Lean-20-Fat-Ground-Beef-Chuck-2-25-lb-Tray/959024059?from=/search","All Natural* 80% Lean/20% Fat Ground Beef Chuck, 2.25 lb Tray","https://i5.walmartimages.com/asr/a19f91f0-524f-4a41-ba7f-c60e80bfbab8.b4d32bdf2dfece7801b34c09d9b79c0e.jpeg?odnHeight=784&odnWidth=580&odnBg=FFFFFF","Add","14","93","current price $14.93","$6.64/lb","","","https://i5.walmartimages.com/dfw/63fd9f59-2845/2044d79e-92d5-4c08-90a2-0480444a877f/v1/EBT-Logo.svg","EBT eligible","Save with","https://i5.walmartimages.com/dfw/63fd9f59-ac39/29c6759d-7f14-49fa-bd3a-b870eb4fb8fb/v1/wplus-icon-blue.svg","Pickup","today","Delivery","today","Subscribe"
"https://www.walmart.com/ip/Great-Value-All-Natural-Boneless-Skinless-Chicken-Breasts-3-lb-Frozen/10414680?from=/search","Great Value All Natural Boneless Skinless Chicken Breasts, 3 lb (Frozen)","https://i5.walmartimages.com/asr/a11e21e5-8484-47c4-a47d-debde94cd74b.df9e9fe297fde9053a722c0c62df7e6b.jpeg?odnHeight=784&odnWidth=580&odnBg=FFFFFF","Add","8","76","current price Now $8.76","$2.92/lb","","","https://i5.walmartimages.com/dfw/63fd9f59-2845/2044d79e-92d5-4c08-90a2-0480444a877f/v1/EBT-Logo.svg","EBT eligible","Save with","https://i5.walmartimages.com/dfw/63fd9f59-ac39/29c6759d-7f14-49fa-bd3a-b870eb4fb8fb/v1/wplus-icon-blue.svg","Pickup","today","Delivery","today","Subscribe"
"https://www.walmart.com/ip/Great-Value-All-Natural-Chicken-Wing-Sections-4-lb-Frozen/36618723?from=/search","Great Value All Natural Chicken Wing Sections, 4 lb (Frozen)","https://i5.walmartimages.com/asr/566c4713-d023-4ccf-a6dc-5504b62b31c3.7a0b253eea5de44861a5a80fbb328e3f.jpeg?odnHeight=784&odnWidth=580&odnBg=FFFFFF","Add","12","98","current price $12.98","$3.25/lb","","","https://i5.walmartimages.com/dfw/63fd9f59-2845/2044d79e-92d5-4c08-90a2-0480444a877f/v1/EBT-Logo.svg","EBT eligible","Save with","https://i5.walmartimages.com/dfw/63fd9f59-ac39/29c6759d-7f14-49fa-bd3a-b870eb4fb8fb/v1/wplus-icon-blue.svg","Pickup","today","Delivery","today","Subscribe"
"https://www.walmart.com/ip/Great-Value-Frozen-20-oz-Pepper-Onion-Blend-20-oz/539250805?from=/search","Great Value Frozen 20 oz Pepper & Onion Blend 20 oz","https://i5.walmartimages.com/asr/089da03e-198d-404d-a060-6e1c7fa09aac.0e7848e7c84acf9ab7837effa876ec9b.jpeg?odnHeight=784&odnWidth=580&odnBg=FFFFFF","Add","2","72","current price $2.72","13.6 ¢/oz","","","https://i5.walmartimages.com/dfw/63fd9f59-2845/2044d79e-92d5-4c08-90a2-0480444a877f/v1/EBT-Logo.svg","EBT eligible","Save with","https://i5.walmartimages.com/dfw/63fd9f59-ac39/29c6759d-7f14-49fa-bd3a-b870eb4fb8fb/v1/wplus-icon-blue.svg","Pickup","today","Delivery","today","Subscribe"
"https://www.walmart.com/ip/Fresh-Roma-Tomato-Each/44390944?from=/search","Fresh Roma Tomato, Each","https://i5.walmartimages.com/asr/8769d65a-5697-4d90-ae1f-8ba90a60b867.ab382f49617c7943d68ed2f96431d6c6.jpeg?odnHeight=784&odnWidth=580&odnBg=FFFFFF","Add","0","27","current price $0.27","$1.28/lb","","","https://i5.walmartimages.com/dfw/63fd9f59-2845/2044d79e-92d5-4c08-90a2-0480444a877f/v1/EBT-Logo.svg","EBT eligible","Save with","https://i5.walmartimages.com/dfw/63fd9f59-ac39/29c6759d-7f14-49fa-bd3a-b870eb4fb8fb/v1/wplus-icon-blue.svg","Pickup","today","Delivery","today","Subscribe"
"https://www.walmart.com/ip/Green-Giant-Extra-Sweet-Corn-on-The-Cob-12-oz-12-Ct-Frozen/10813651?from=/search","Green Giant Extra Sweet Corn on The Cob, 12 oz, 12 Ct (Frozen)","https://i5.walmartimages.com/asr/23d6b9c7-d685-4505-b5b1-eed7c4dc15eb.5701c17c4064cc14452b5034ed8674e7.jpeg?odnHeight=784&odnWidth=580&odnBg=FFFFFF","Add","4","93","current price $4.93","41.1 ¢/count","","","https://i5.walmartimages.com/dfw/63fd9f59-2845/2044d79e-92d5-4c08-90a2-0480444a877f/v1/EBT-Logo.svg","EBT eligible","Save with","https://i5.walmartimages.com/dfw/63fd9f59-ac39/29c6759d-7f14-49fa-bd3a-b870eb4fb8fb/v1/wplus-icon-blue.svg","Pickup","today","Delivery","today","Subscribe"
"https://www.walmart.com/ip/Fresh-Green-Bell-Pepper-Each/44390945?from=/search","Fresh Green Bell Pepper, Each","https://i5.walmartimages.com/asr/15c8fcf1-7b73-429e-8a7c-802091d818f1.4730164455d5cc0a04d2b1f675971dd1.jpeg?odnHeight=784&odnWidth=580&odnBg=FFFFFF","Add","0","86","current price $0.86","","","","https://i5.walmartimages.com/dfw/63fd9f59-2845/2044d79e-92d5-4c08-90a2-0480444a877f/v1/EBT-Logo.svg","EBT eligible","Save with","https://i5.walmartimages.com/dfw/63fd9f59-ac39/29c6759d-7f14-49fa-bd3a-b870eb4fb8fb/v1/wplus-icon-blue.svg","Pickup","today","Delivery","today","Subscribe"
"https://www.walmart.com/ip/Fresh-Iceberg-Lettuce-Each/10402650?from=/search","Fresh Iceberg Lettuce, Each","https://i5.walmartimages.com/asr/37a29f00-4ba9-4874-a02c-6fad5f2fcc24.2eaef037bd486278914e7d25f9890d59.jpeg?odnHeight=784&odnWidth=580&odnBg=FFFFFF","Add","1","88","current price $1.88","","","","https://i5.walmartimages.com/dfw/63fd9f59-2845/2044d79e-92d5-4c08-90a2-0480444a877f/v1/EBT-Logo.svg","EBT eligible","Save with","https://i5.walmartimages.com/dfw/63fd9f59-ac39/29c6759d-7f14-49fa-bd3a-b870eb4fb8fb/v1/wplus-icon-blue.svg","Pickup","today","Delivery","today","Subscribe"
"https://www.walmart.com/ip/King-s-Hawaiian-Original-Hawaiian-Sweet-Dinner-Rolls-12-Count-12-Oz/10421729?from=/search","King's Hawaiian Original Hawaiian Sweet Dinner Rolls, 12 Count, 12 Oz","https://i5.walmartimages.com/asr/3dd0c370-49e0-4018-938c-afcc59559dd7.1e5340c56264e3a6aac257c3a8a816a5.jpeg?odnHeight=784&odnWidth=580&odnBg=FFFFFF","Add","4","68","current price $4.68","39.0 ¢/oz","","","https://i5.walmartimages.com/dfw/63fd9f59-2845/2044d79e-92d5-4c08-90a2-0480444a877f/v1/EBT-Logo.svg","EBT eligible","Save with","https://i5.walmartimages.com/dfw/63fd9f59-ac39/29c6759d-7f14-49fa-bd3a-b870eb4fb8fb/v1/wplus-icon-blue.svg","Pickup","today","Delivery","today","Subscribe"
"https://www.walmart.com/ip/Fresh-Cucumber-Each/44390954?from=/search","Fresh Cucumber, Each","https://i5.walmartimages.com/asr/5985ccc8-109e-411d-aca7-556ab217e1da.e3770028b0d00b3fa4e6a40c4e630ef9.jpeg?odnHeight=784&odnWidth=580&odnBg=FFFFFF","Add","0","72","current price $0.72","","","","https://i5.walmartimages.com/dfw/63fd9f59-2845/2044d79e-92d5-4c08-90a2-0480444a877f/v1/EBT-Logo.svg","EBT eligible","Save with","https://i5.walmartimages.com/dfw/63fd9f59-ac39/29c6759d-7f14-49fa-bd3a-b870eb4fb8fb/v1/wplus-icon-blue.svg","Pickup","today","Delivery","today","Subscribe"
"https://www.walmart.com/ip/All-Natural-73-Lean-27-Fat-Ground-Beef-1-lb-Roll/15136790?from=/search","All Natural* 73% Lean/27% Fat Ground Beef, 1 lb Roll","https://i5.walmartimages.com/asr/c47fd78e-029b-42a5-8005-3566f23755cc.d00e9a20eabb7e18b19ddd86af3ec83b.jpeg?odnHeight=784&odnWidth=580&odnBg=FFFFFF","Add","5","94","current price $5.94","$5.94/lb","","","https://i5.walmartimages.com/dfw/63fd9f59-2845/2044d79e-92d5-4c08-90a2-0480444a877f/v1/EBT-Logo.svg","EBT eligible","Save with","https://i5.walmartimages.com/dfw/63fd9f59-ac39/29c6759d-7f14-49fa-bd3a-b870eb4fb8fb/v1/wplus-icon-blue.svg","Pickup","today","Delivery","today","Subscribe"
"https://www.walmart.com/ip/Capri-Sun-Variety-Pack-with-Fruit-Punch-Strawberry-Kiwi-Pacific-Cooler-Juice-Box-Pouches-30-ct-Box-6-fl-oz-Pouches/110946086?from=/search","Capri Sun Variety Pack with Fruit Punch, Strawberry Kiwi & Pacific Cooler Juice Box Pouches, 30 ct Box, 6 fl oz Pouches","https://i5.walmartimages.com/asr/cd4fb79f-c692-43bd-9982-5491591c75a3.315d49ce2443fc0a28a94b39419e9d61.jpeg?odnHeight=784&odnWidth=580&odnBg=FFFFFF","Add","9","43","current price $9.43","5.2 ¢/fl oz","512","3.6 out of 5 Stars. 512 reviews","https://i5.walmartimages.com/dfw/63fd9f59-2845/2044d79e-92d5-4c08-90a2-0480444a877f/v1/EBT-Logo.svg","EBT eligible","Save with","https://i5.walmartimages.com/dfw/63fd9f59-ac39/29c6759d-7f14-49fa-bd3a-b870eb4fb8fb/v1/wplus-icon-blue.svg","Pickup","today","Delivery","today","Subscribe"
"https://www.walmart.com/ip/Great-Value-Hot-Dog-Buns-White-11-oz-8-Count/10450133?from=/search","Great Value Hot Dog Buns, White, 11 oz, 8 Count","https://i5.walmartimages.com/asr/668fbae9-e0a0-4cba-a28d-3f34b91c0f62.a5267b2052ddb5234e6beabe5cf8310b.jpeg?odnHeight=784&odnWidth=580&odnBg=FFFFFF","Add","1","53","current price $1.53","13.9 ¢/oz","","","https://i5.walmartimages.com/dfw/63fd9f59-2845/2044d79e-92d5-4c08-90a2-0480444a877f/v1/EBT-Logo.svg","EBT eligible","Save with","https://i5.walmartimages.com/dfw/63fd9f59-ac39/29c6759d-7f14-49fa-bd3a-b870eb4fb8fb/v1/wplus-icon-blue.svg","Pickup","today","Delivery","today","Subscribe"
"https://www.walmart.com/ip/Nabisco-Classic-Mix-Variety-Pack-OREO-CHIPS-AHOY-Nutter-Butter-Bites-RITZ-Bits-20-Snack-Packs/43200062?from=/search","Nabisco Classic Mix Variety Pack, OREO Mini, CHIPS AHOY! Mini, Nutter Butter Bites, RITZ Bits Cheese, School Snacks, 20 - 1 oz Snack Packs","https://i5.walmartimages.com/asr/a429a98e-8000-425d-9cbe-50e908ec3754.2e89671df621c756dac0cc3aa207c5e1.jpeg?odnHeight=784&odnWidth=580&odnBg=FFFFFF","Add","9","86","current price $9.86","49.3 ¢/oz","444","4.1 out of 5 Stars. 444 reviews","https://i5.walmartimages.com/dfw/63fd9f59-2845/2044d79e-92d5-4c08-90a2-0480444a877f/v1/EBT-Logo.svg","EBT eligible","Save with","https://i5.walmartimages.com/dfw/63fd9f59-ac39/29c6759d-7f14-49fa-bd3a-b870eb4fb8fb/v1/wplus-icon-blue.svg","Pickup","today","Delivery","today","Subscribe"
"https://www.walmart.com/ip/RITZ-Fresh-Stacks-Original-Crackers-11-8-oz-8-Stacks/35176551?from=/search","RITZ Fresh Stacks Original Crackers, 11.8 oz (8 Stacks)","https://i5.walmartimages.com/asr/a2383293-e964-49ff-8e32-423fb21586bc.fec19475a084ab0407074fe3e3bb77fa.jpeg?odnHeight=784&odnWidth=580&odnBg=FFFFFF","Add","3","88","current price $3.88","32.9 ¢/oz","1082","4.3 out of 5 Stars. 1082 reviews","https://i5.walmartimages.com/dfw/63fd9f59-2845/2044d79e-92d5-4c08-90a2-0480444a877f/v1/EBT-Logo.svg","EBT eligible","Save with","https://i5.walmartimages.com/dfw/63fd9f59-ac39/29c6759d-7f14-49fa-bd3a-b870eb4fb8fb/v1/wplus-icon-blue.svg","Pickup","today","Delivery","today","Subscribe"
"https://www.walmart.com/ip/Maruchan-Ramen-Noodle-Beef-Flavor-Soup-3-oz-Shelf-Stable-Package-12-Count/15570903?from=/search","Maruchan Ramen Noodle Beef Flavor Soup, 3 oz Shelf Stable Package, 12 Count","https://i5.walmartimages.com/asr/b5b51761-4aca-499f-b0db-d0032256b0cd.37a38f551f9bc7651979e8a7a0bf44cf.jpeg?odnHeight=784&odnWidth=580&odnBg=FFFFFF","Add","3","68","current price $3.68","10.2 ¢/oz","769","4.4 out of 5 Stars. 769 reviews","https://i5.walmartimages.com/dfw/63fd9f59-2845/2044d79e-92d5-4c08-90a2-0480444a877f/v1/EBT-Logo.svg","EBT eligible","Save with","https://i5.walmartimages.com/dfw/63fd9f59-ac39/29c6759d-7f14-49fa-bd3a-b870eb4fb8fb/v1/wplus-icon-blue.svg","Pickup","today","Delivery","today","Subscribe"
"https://www.walmart.com/ip/Great-Value-Honey-Graham-Crackers-14-4-oz/10315952?from=/search","Great Value Honey Graham Crackers, 14.4 oz","https://i5.walmartimages.com/asr/3b141949-e8f4-451f-a142-265a01494c36.6c2c63e18c65f7d7e21eaa58c050a25a.jpeg?odnHeight=784&odnWidth=580&odnBg=FFFFFF","Add","2","44","current price $2.44","16.9 ¢/oz","","","https://i5.walmartimages.com/dfw/63fd9f59-2845/2044d79e-92d5-4c08-90a2-0480444a877f/v1/EBT-Logo.svg","EBT eligible","Save with","https://i5.walmartimages.com/dfw/63fd9f59-ac39/29c6759d-7f14-49fa-bd3a-b870eb4fb8fb/v1/wplus-icon-blue.svg","Pickup","today","Delivery","today","Subscribe"
"https://www.walmart.com/ip/El-Monterey-Beef-Bean-Burritos-32-oz-8-Count-Frozen/13812845?from=/search","El Monterey Beef & Bean Burritos, 32 oz, 8 Count (Frozen)","https://i5.walmartimages.com/asr/23cacedb-25f7-4706-9000-39ed193a61f1.1e14423447c059874f3263dfc9d5ec11.jpeg?odnHeight=784&odnWidth=580&odnBg=FFFFFF","Add","4","98","current price $4.98","15.6 ¢/oz","","","https://i5.walmartimages.com/dfw/63fd9f59-2845/2044d79e-92d5-4c08-90a2-0480444a877f/v1/EBT-Logo.svg","EBT eligible","Save with","https://i5.walmartimages.com/dfw/63fd9f59-ac39/29c6759d-7f14-49fa-bd3a-b870eb4fb8fb/v1/wplus-icon-blue.svg","Pickup","today","Delivery","today","Subscribe"
"https://www.walmart.com/ip/Kraft-Original-Mac-N-Cheese-Macaroni-and-Cheese-Dinner-5-ct-Pack-7-25-oz-Boxes/14869676?from=/search","Kraft Original Mac N Cheese Macaroni and Cheese Dinner, 5 ct Pack, 7.25 oz Boxes","https://i5.walmartimages.com/asr/ec5c2ad9-7475-4515-965d-d64acb7960fa.9ba870560e809a92a25b409d9d323e36.jpeg?odnHeight=784&odnWidth=580&odnBg=FFFFFF","Add","4","88","current price $4.88","13.5 ¢/oz","","","https://i5.walmartimages.com/dfw/63fd9f59-2845/2044d79e-92d5-4c08-90a2-0480444a877f/v1/EBT-Logo.svg","EBT eligible","Save with","https://i5.walmartimages.com/dfw/63fd9f59-ac39/29c6759d-7f14-49fa-bd3a-b870eb4fb8fb/v1/wplus-icon-blue.svg","Pickup","today","Delivery","today","Subscribe"
"https://www.walmart.com/ip/Great-Value-Hamburger-Buns-8-Count-11-oz/10450104?from=/search","Great Value Hamburger Buns, 8 Count, 11 oz","https://i5.walmartimages.com/asr/737cb89a-5c4a-48bf-a28f-130b4b9c4d7d.f06c6f71d6e51c12448ca74f27368ce7.jpeg?odnHeight=784&odnWidth=580&odnBg=FFFFFF","Add","1","53","current price $1.53","13.9 ¢/oz","","","https://i5.walmartimages.com/dfw/63fd9f59-2845/2044d79e-92d5-4c08-90a2-0480444a877f/v1/EBT-Logo.svg",""Not eligible","Save with","https://i5.walmartimages.com/dfw/63fd9f59-ac39/29c6759d-7f14-49fa-bd3a-b870eb4fb8fb/v1/wplus-icon-blue.svg","Pickup","today","Delivery","today","Subscribe"
"https://www.walmart.com/ip/Tyson-Fully-Cooked-and-Breaded-Chicken-Patties-1-62-lb-Bag-Frozen/108931416?from=/search","Tyson Fully Cooked and Breaded Chicken Patties, 1.62 lb Bag (Frozen)","https://i5.walmartimages.com/asr/879761c8-e253-4e65-8afa-be783bf19e92.3b5caebcaf74daa53c65c93d2e453b73.jpeg?odnHeight=784&odnWidth=580&odnBg=FFFFFF","Add","6","46","current price $6.46","$3.96/lb","","","https://i5.walmartimages.com/dfw/63fd9f59-2845/2044d79e-92d5-4c08-90a2-0480444a877f/v1/EBT-Logo.svg","EBT eligible","Save with","https://i5.walmartimages.com/dfw/63fd9f59-ac39/29c6759d-7f14-49fa-bd3a-b870eb4fb8fb/v1/wplus-icon-blue.svg","Pickup","today","Delivery","today","Subscribe"
"https://www.walmart.com/ip/Great-Value-Purified-Drinking-Water-16-9-fl-oz-24-Count/13448854?from=/search","Great Value Purified Drinking Water, 16.9 fl oz, 24 Count","https://i5.walmartimages.com/asr/ccb7a298-8772-4ef2-bf1f-e50b467979ea.77cc0effbfcdfd781b754be92d2d098c.jpeg?odnHeight=784&odnWidth=580&odnBg=FFFFFF","Add","3","64","current price $3.64","0.9 ¢/fl oz","2948","3.5 out of 5 Stars. 2948 reviews","https://i5.walmartimages.com/dfw/63fd9f59-2845/2044d79e-92d5-4c08-90a2-0480444a877f/v1/EBT-Logo.svg","EBT eligible","Save with","https://i5.walmartimages.com/dfw/63fd9f59-ac39/29c6759d-7f14-49fa-bd3a-b870eb4fb8fb/v1/wplus-icon-blue.svg","Pickup","today","Delivery","today","Subscribe"
"https://www.walmart.com/ip/Great-Value-Finely-Shredded-Fiesta-Blend-Cheese-32-oz-Bag/10452468?from=/search","Great Value Finely Shredded Fiesta Blend Cheese, 32 oz Bag","https://i5.walmartimages.com/asr/c86a6ab7-5bba-40e1-a973-5440d577a718.6eac4ee870aeb1731a9e7f91e5149ae7.jpeg?odnHeight=784&odnWidth=580&odnBg=FFFFFF","Add","7","84","current price $7.84","24.5 ¢/oz","","","https://i5.walmartimages.com/dfw/63fd9f59-2845/2044d79e-92d5-4c08-90a2-0480444a877f/v1/EBT-Logo.svg","EBT eligible","Save with","https://i5.walmartimages.com/dfw/63fd9f59-ac39/29c6759d-7f14-49fa-bd3a-b870eb4fb8fb/v1/wplus-icon-blue.svg","Pickup","today","Delivery","today","Subscribe"
"https://www.walmart.com/ip/Fresh-Baby-Cut-Carrots-1lb-Bag/10451315?from=/search","1lb Baby Peeled Carrots","https://i5.walmartimages.com/asr/617f9288-f283-4bd4-9fc3-a7b94d7921dd.42e63e092f287d858a59ae2dde00917a.jpeg?odnHeight=784&odnWidth=580&odnBg=FFFFFF","Add","1","32","current price $1.32","8.3 ¢/oz","","","https://i5.walmartimages.com/dfw/63fd9f59-2845/2044d79e-92d5-4c08-90a2-0480444a877f/v1/EBT-Logo.svg",""Not eligible","Save with","https://i5.walmartimages.com/dfw/63fd9f59-ac39/29c6759d-7f14-49fa-bd3a-b870eb4fb8fb/v1/wplus-icon-blue.svg","Pickup","today","Delivery","today","Subscribe"
"https://www.walmart.com/ip/Banquet-Chicken-Pot-Pie-Frozen-Pot-Pie-Dinner-7-oz-frozen/10794554?from=/search","Banquet Chicken Pot Pie, Frozen Pot Pie Dinner, 7 oz (frozen)","https://i5.walmartimages.com/asr/82c4611c-6783-492d-bb14-ec9357f9fcff.ea56c2a5e90bc3e569b27ba43fd58988.jpeg?odnHeight=784&odnWidth=580&odnBg=FFFFFF","Add","1","06","current price $1.06","15.1 ¢/oz","","","https://i5.walmartimages.com/dfw/63fd9f59-2845/2044d79e-92d5-4c08-90a2-0480444a877f/v1/EBT-Logo.svg","EBT eligible","Save with","https://i5.walmartimages.com/dfw/63fd9f59-ac39/29c6759d-7f14-49fa-bd3a-b870eb4fb8fb/v1/wplus-icon-blue.svg","Pickup","today","Delivery","today","Subscribe"
"https://www.walmart.com/ip/Great-Value-Fully-Cooked-Chicken-Nuggets-32-oz-Frozen/51259447?from=/search","Great Value Fully Cooked Chicken Nuggets 32oz Frozen","https://i5.walmartimages.com/asr/93b01be4-c0a2-4593-9f1f-a34d43f06c8b.4d1936c2a41ed4ab15279683703b71bb.jpeg?odnHeight=784&odnWidth=580&odnBg=FFFFFF","Add","5","97","current price $5.97","18.7 ¢/oz","","","https://i5.walmartimages.com/dfw/63fd9f59-2845/2044d79e-92d5-4c08-90a2-0480444a877f/v1/EBT-Logo.svg","EBT eligible","Save with","https://i5.walmartimages.com/dfw/63fd9f59-ac39/29c6759d-7f14-49fa-bd3a-b870eb4fb8fb/v1/wplus-icon-blue.svg","Pickup","today","Delivery","today","Subscribe"
"https://www.walmart.com/ip/Fresh-Yellow-Baby-Potatoes-1-5-lb-Bag/44391123?from=/search","Fresh Yellow Baby Potatoes, 1.5 lb Bag","https://i5.walmartimages.com/asr/f875405b-77cb-410a-b941-36389c1f2521.2586e816adf1c9f55190309c471c8495.jpeg?odnHeight=784&odnWidth=580&odnBg=FFFFFF","Add","3","68","current price $3.68","15.3 ¢/oz","","","https://i5.walmartimages.com/dfw/63fd9f59-2845/2044d79e-92d5-4c08-90a2-0480444a877f/v1/EBT-Logo.svg","EBT eligible","Save with","https://i5.walmartimages.com/dfw/63fd9f59-ac39/29c6759d-7f14-49fa-bd3a-b870eb4fb8fb/v1/wplus-icon-blue.svg","Pickup","today","Delivery","today","Subscribe"
"https://www.walmart.com/ip/John-Soules-Foods-Cooked-Refrigerated-All-Natural-Seasoned-Rotisserie-Chicken-Breast-Strips-8-oz/11027518?from=/search","John Soules Foods, Cooked, Refrigerated, All Natural Seasoned Rotisserie Chicken Breast Strips, 8 oz","https://i5.walmartimages.com/asr/f72d679a-0e87-4add-a184-e13a4e7548ea.6b2d6adcf8845a03b1f95b793112083c.jpeg?odnHeight=784&odnWidth=580&odnBg=FFFFFF","Add","2","98","current price Now $2.98","$5.96/lb","","","https://i5.walmartimages.com/dfw/63fd9f59-2845/2044d79e-92d5-4c08-90a2-0480444a877f/v1/EBT-Logo.svg","EBT eligible","Save with","https://i5.walmartimages.com/dfw/63fd9f59-ac39/29c6759d-7f14-49fa-bd3a-b870eb4fb8fb/v1/wplus-icon-blue.svg","Pickup","today","Delivery","today","Subscribe"
"https://www.walmart.com/ip/Great-Value-Milk-2-Reduced-Fat-Gallon-Plastic-Jug/10450115?from=/search","Great Value Milk 2% Reduced Fat Gallon Plastic Jug","https://i5.walmartimages.com/asr/22a6459a-13b6-4057-aeae-45e62c69e8f8.47f793426ff66fa6432c948d836704f0.jpeg?odnHeight=784&odnWidth=580&odnBg=FFFFFF","Add","3","43","current price $3.43","2.7 ¢/fl oz","","","https://i5.walmartimages.com/dfw/63fd9f59-2845/2044d79e-92d5-4c08-90a2-0480444a877f/v1/EBT-Logo.svg","Not eligible","Save with","https://i5.walmartimages.com/dfw/63fd9f59-ac39/29c6759d-7f14-49fa-bd3a-b870eb4fb8fb/v1/wplus-icon-blue.svg","Pickup","today","Delivery","today","Subscribe"
"https://www.walmart.com/ip/Great-Value-100-Apple-Juice-96-fl-oz/10415325?from=/search","Great Value 100% Apple Juice, 96 fl oz","https://i5.walmartimages.com/asr/34a4bc66-9cdb-404c-8665-b6435742ed45.3402c97169db76e6c3784d67cc1ad581.jpeg?odnHeight=784&odnWidth=580&odnBg=FFFFFF","Add","2","98","current price $2.98","3.1 ¢/fl oz","2959","4.4 out of 5 Stars. 2959 reviews","https://i5.walmartimages.com/dfw/63fd9f59-2845/2044d79e-92d5-4c08-90a2-0480444a877f/v1/EBT-Logo.svg","EBT eligible","Save with","https://i5.walmartimages.com/dfw/63fd9f59-ac39/29c6759d-7f14-49fa-bd3a-b870eb4fb8fb/v1/wplus-icon-blue.svg","Pickup","today","Delivery","today","Subscribe"
"https://www.walmart.com/ip/Maruchan-Ramen-Noodle-Chicken-Flavor-Soup-3-Oz-12-Count-Shelf-Stable-Package/10450904?from=/search","Maruchan Ramen Noodle Chicken Flavor Soup, 3 Oz, 12 Count Shelf Stable Package","https://i5.walmartimages.com/asr/a8ea693a-8aec-44ca-8aff-07200d54e904.f6d56616b5558522e185852761c0dc1e.jpeg?odnHeight=784&odnWidth=580&odnBg=FFFFFF","Add","2","01","current price Now $2.01","5.6 ¢/oz","3956","4.3 out of 5 Stars. 3956 reviews","","","","","Shipping, arrives","in 3+ days","","",""
"https://www.walmart.com/ip/Doritos-Nacho-Cheese-Tortilla-Snack-Chips-Party-Size-14-5-oz-Bag/433078517?from=/search","Doritos Nacho Cheese Tortilla Snack Chips,Party Size, 14.5 oz Bag","https://i5.walmartimages.com/asr/e5f41929-fd15-43ec-bf70-fe0b4a554257.910461210dd12b19bad6d943cb5a8fac.jpeg?odnHeight=784&odnWidth=580&odnBg=FFFFFF","Add","3","01","current price Now $3.01","20.8 ¢/oz","836","3.4 out of 5 Stars. 836 reviews","","","","","Shipping, arrives","in 3+ days","","",""